timestamp,price,volume,bidVolume,bidPrice,askVolume,askPrice,spread,momentum,volume_ratio,label
2025-01-26 09:46:11.7579,5137.75,1,51.0,5137.5,58.0,5137.75,0.25,,0.8793103296670634,Hold
2025-01-26 09:46:12.0398,5137.5,1,44.0,5137.5,60.0,5137.75,0.25,-0.125,0.7333333211111114,Sell
2025-01-26 09:46:12.0399,5137.5,8,43.0,5137.5,60.0,5137.75,0.25,-0.04166666666696983,0.7166666547222225,Sell
2025-01-26 09:46:12.0400,5137.5,3,35.0,5137.5,60.0,5137.75,0.25,-0.02083333333303017,0.5833333236111113,Sell
2025-01-26 09:46:12.0400,5137.5,1,35.0,5137.5,60.0,5137.75,0.25,-0.012499999999818101,0.5833333236111113,Sell
2025-01-26 09:46:12.0402,5137.5,2,24.0,5137.5,61.0,5137.75,0.25,-0.008333333333212067,0.39344261650094076,Sell
2025-01-26 09:46:12.0402,5137.5,3,24.0,5137.5,61.0,5137.75,0.25,-0.005952380952294334,0.39344261650094076,Sell
2025-01-26 09:46:12.0412,5137.5,24,24.0,5137.5,61.0,5137.75,0.25,-0.004464285714675498,0.39344261650094076,Sell
2025-01-26 09:46:12.0415,5137.5,2,101.0,5137.25,2.0,5137.5,0.25,-0.003472222222626442,50.49997475001262,Hold
2025-01-26 09:46:12.0415,5137.5,1,101.0,5137.25,2.0,5137.5,0.25,-0.002777777777737356,50.49997475001262,Hold
2025-01-26 09:46:12.0434,5137.5,1,103.0,5137.25,10.0,5137.5,0.25,-0.024999999999636202,10.299998970000104,Hold
2025-01-26 09:46:12.0870,5137.5,2,89.0,5137.25,34.0,5137.5,0.25,0.0,2.6176469818339125,Hold
2025-01-26 09:46:12.1436,5137.25,2,90.0,5137.25,25.0,5137.5,0.25,-0.024999999999636202,3.5999998560000055,Hold
2025-01-26 09:46:12.1436,5137.25,2,90.0,5137.25,25.0,5137.5,0.25,-0.025000000000545697,3.5999998560000055,Hold
2025-01-26 09:46:12.1436,5137.25,1,90.0,5137.25,25.0,5137.5,0.25,-0.024999999999636202,3.5999998560000055,Hold
2025-01-26 09:46:12.2033,5137.5,6,85.0,5137.25,35.0,5137.5,0.25,0.0,2.4285713591836755,Hold
2025-01-26 09:46:12.2487,5137.25,1,85.0,5137.25,28.0,5137.5,0.25,-0.025000000000545697,3.035714177295922,Hold
2025-01-26 09:46:12.2981,5137.25,1,85.0,5137.25,28.0,5137.5,0.25,-0.024999999999636202,3.035714177295922,Hold
2025-01-26 09:46:12.5735,5137.25,1,84.0,5137.25,41.0,5137.5,0.25,-0.024999999999636202,2.0487804378346235,Hold
2025-01-26 09:46:12.6929,5137.25,1,83.0,5137.25,44.0,5137.5,0.25,-0.025000000000545697,1.8863635934917367,Hold
2025-01-26 09:46:12.7728,5137.25,10,85.0,5137.25,46.0,5137.5,0.25,-0.024999999999636202,1.8478260467863903,Hold
2025-01-26 09:46:12.8063,5137.5,1,73.0,5137.25,54.0,5137.5,0.25,0.0,1.3518518268175588,Hold
2025-01-26 09:46:12.8457,5137.5,1,88.0,5137.25,39.0,5137.5,0.25,0.024999999999636202,2.256410198553585,Buy
2025-01-26 09:46:12.9855,5137.5,37,88.0,5137.25,37.0,5137.5,0.25,0.025000000000545697,2.3783783140978834,Buy
2025-01-26 09:46:12.9859,5137.5,1,26.0,5137.5,66.0,5137.75,0.25,0.024999999999636202,0.39393938797061534,Hold
2025-01-26 09:46:12.9861,5137.5,3,15.0,5137.5,65.0,5137.75,0.25,0.0,0.23076922721893497,Hold
2025-01-26 09:46:12.9862,5137.5,2,12.0,5137.5,65.0,5137.75,0.25,0.024999999999636202,0.18461538177514797,Hold
2025-01-26 09:46:12.9862,5137.5,1,9.0,5137.5,65.0,5137.75,0.25,0.025000000000545697,0.138461536331361,Hold
2025-01-26 09:46:12.9863,5137.5,9,9.0,5137.5,65.0,5137.75,0.25,0.024999999999636202,0.138461536331361,Hold
2025-01-26 09:46:12.9865,5137.5,3,98.0,5137.25,5.0,5137.5,0.25,0.025000000000545697,19.599996080000782,Buy
2025-01-26 09:46:12.9866,5137.5,1,98.0,5137.25,2.0,5137.5,0.25,0.024999999999636202,48.99997550001225,Buy
2025-01-26 09:46:12.9867,5137.5,1,98.0,5137.25,67.0,5137.75,0.5,0.0,1.4626865453330367,Hold
2025-01-26 09:46:12.9867,5137.5,2,98.0,5137.25,2.0,5137.5,0.25,0.0,48.99997550001225,Hold
2025-01-26 09:46:12.9887,5137.5,17,17.0,5137.5,67.0,5137.75,0.25,0.0,0.2537313394965472,Hold
2025-01-26 09:46:13.0152,5137.5,8,97.0,5137.25,11.0,5137.5,0.25,0.0,8.818181016529,Hold
2025-01-26 09:46:13.0154,5137.5,2,97.0,5137.25,3.0,5137.5,0.25,0.0,32.33332255555915,Hold
2025-01-26 09:46:13.0154,5137.5,1,1.0,5137.5,73.0,5137.75,0.25,0.0,0.013698629949333838,Hold
2025-01-26 09:46:13.0157,5137.5,1,4.0,5137.5,73.0,5137.75,0.25,0.0,0.05479451979733535,Hold
2025-01-26 09:46:13.0159,5137.5,3,3.0,5137.5,73.0,5137.75,0.25,0.0,0.04109588984800151,Hold
2025-01-26 09:46:13.0243,5137.5,9,98.0,5137.25,9.0,5137.5,0.25,0.0,10.88888767901248,Hold
2025-01-26 09:46:13.0245,5137.5,1,98.0,5137.25,4.0,5137.5,0.25,0.0,24.49999387500153,Hold
2025-01-26 09:46:13.0245,5137.5,1,98.0,5137.25,2.0,5137.5,0.25,0.0,48.99997550001225,Hold
2025-01-26 09:46:13.0246,5137.5,1,98.0,5137.25,1.0,5137.5,0.25,0.0,97.999902000098,Hold
2025-01-26 09:46:13.0246,5137.5,1,98.0,5137.25,69.0,5137.75,0.5,0.0,1.4202898344885533,Hold
2025-01-26 09:46:13.0248,5137.5,1,98.0,5137.25,1.0,5137.5,0.25,0.0,97.999902000098,Hold
2025-01-26 09:46:13.0412,5137.5,7,7.0,5137.5,68.0,5137.75,0.25,0.0,0.10294117495674743,Hold
2025-01-26 09:46:13.0415,5137.5,2,98.0,5137.25,17.0,5137.5,0.25,0.0,5.764705543252615,Hold
2025-01-26 09:46:13.2578,5137.25,1,81.0,5137.25,43.0,5137.5,0.25,-0.024999999999636202,1.8837208864250958,Hold
2025-01-26 09:46:13.7131,5137.5,4,89.0,5137.25,31.0,5137.5,0.25,0.0,2.870967649323624,Hold
2025-01-26 09:46:13.7829,5137.25,1,90.0,5137.25,13.0,5137.5,0.25,-0.025000000000545697,6.923076390532586,Hold
2025-01-26 09:46:13.8812,5137.25,1,90.0,5137.25,18.0,5137.5,0.25,-0.024999999999636202,4.999999722222237,Hold
2025-01-26 09:46:14.0839,5137.25,3,85.0,5137.25,33.0,5137.5,0.25,-0.025000000000545697,2.5757574977043185,Hold
2025-01-26 09:46:14.1026,5137.5,12,87.0,5137.25,12.0,5137.5,0.25,0.0,7.249999395833384,Hold
2025-01-26 09:46:14.1747,5137.5,1,25.0,5137.5,64.0,5137.75,0.25,0.0,0.3906249938964845,Hold
2025-01-26 09:46:14.2137,5137.75,20,29.0,5137.5,64.0,5137.75,0.25,0.025000000000545697,0.453124992919922,Hold
2025-01-26 09:46:14.2138,5137.75,1,37.0,5137.5,43.0,5137.75,0.25,0.024999999999636202,0.8604650962682536,Hold
2025-01-26 09:46:14.3062,5137.5,5,37.0,5137.5,45.0,5137.75,0.25,0.0,0.8222222039506177,Hold
2025-01-26 09:46:14.4426,5137.5,2,31.0,5137.5,62.0,5137.75,0.25,0.025000000000545697,0.499999991935484,Hold
2025-01-26 09:46:14.4865,5137.5,5,30.0,5137.5,62.0,5137.75,0.25,0.0,0.4838709599375652,Hold
2025-01-26 09:46:14.4869,5137.5,19,19.0,5137.5,62.0,5137.75,0.25,0.024999999999636202,0.30645160796045795,Hold
2025-01-26 09:46:14.4874,5137.5,25,101.0,5137.25,25.0,5137.5,0.25,0.024999999999636202,4.039999838400006,Buy
2025-01-26 09:46:14.4874,5137.5,1,101.0,5137.25,2.0,5137.5,0.25,0.025000000000545697,50.49997475001262,Buy
2025-01-26 09:46:14.4876,5137.5,2,101.0,5137.25,2.0,5137.5,0.25,0.0,50.49997475001262,Hold
2025-01-26 09:46:14.4879,5137.5,1,32.0,5137.5,58.0,5137.75,0.25,0.0,0.5517241284185496,Hold
2025-01-26 09:46:14.7470,5137.5,1,49.0,5137.5,33.0,5137.75,0.25,-0.025000000000545697,1.4848484398530777,Hold
2025-01-26 09:46:14.8206,5137.5,1,40.0,5137.5,41.0,5137.75,0.25,-0.024999999999636202,0.9756097323022017,Sell
2025-01-26 09:46:14.9749,5137.5,3,40.0,5137.5,43.0,5137.75,0.25,0.0,0.9302325365062202,Hold
2025-01-26 09:46:15.0019,5137.5,1,40.0,5137.5,43.0,5137.75,0.25,0.0,0.9302325365062202,Hold
2025-01-26 09:46:15.0362,5137.5,1,40.0,5137.5,43.0,5137.75,0.25,0.0,0.9302325365062202,Hold
2025-01-26 09:46:15.2088,5137.5,1,39.0,5137.5,51.0,5137.75,0.25,0.0,0.7647058673587085,Hold
2025-01-26 09:46:15.2526,5137.5,1,39.0,5137.5,44.0,5137.75,0.25,0.0,0.8863636162190087,Hold
2025-01-26 09:46:15.5085,5137.5,22,22.0,5137.5,55.0,5137.75,0.25,0.0,0.3999999927272729,Hold
2025-01-26 09:46:15.6425,5137.25,1,64.0,5137.25,65.0,5137.5,0.25,-0.024999999999636202,0.9846153694674559,Sell
2025-01-26 09:46:15.6503,5137.25,2,63.0,5137.25,67.0,5137.5,0.25,-0.025000000000545697,0.9402984934283807,Sell
2025-01-26 09:46:15.6506,5137.25,53,61.0,5137.25,67.0,5137.5,0.25,-0.024999999999636202,0.9104477476052575,Sell
2025-01-26 09:46:15.6506,5137.25,2,8.0,5137.25,68.0,5137.5,0.25,-0.025000000000545697,0.11764705709342564,Sell
2025-01-26 09:46:15.6507,5137.25,1,5.0,5137.25,68.0,5137.5,0.25,-0.024999999999636202,0.07352941068339103,Sell
2025-01-26 09:46:15.6507,5137.25,2,3.0,5137.25,68.0,5137.5,0.25,-0.024999999999636202,0.044117646410034614,Sell
2025-01-26 09:46:15.6508,5137.25,1,1.0,5137.25,68.0,5137.5,0.25,-0.025000000000545697,0.014705882136678205,Sell
2025-01-26 09:46:15.6508,5137.25,1,1.0,5137.25,69.0,5137.5,0.25,-0.024999999999636202,0.014492753413148502,Sell
2025-01-26 09:46:15.6515,5137.25,4,78.0,5137.0,30.0,5137.25,0.25,-0.025000000000545697,2.599999913333336,Hold
2025-01-26 09:46:15.7700,5137.25,2,72.0,5137.0,15.0,5137.25,0.25,-0.024999999999636202,4.799999680000021,Hold
2025-01-26 09:46:15.7703,5137.25,8,72.0,5137.0,10.0,5137.25,0.25,0.0,7.199999280000073,Hold
2025-01-26 09:46:15.7705,5137.25,1,72.0,5137.0,5.0,5137.25,0.25,0.0,14.399997120000576,Hold
2025-01-26 09:46:15.7707,5137.25,1,73.0,5137.0,7.0,5137.25,0.25,0.0,10.428569938775723,Hold
2025-01-26 09:46:15.7708,5137.25,1,73.0,5137.0,6.0,5137.25,0.25,0.0,12.166664638889227,Hold
2025-01-26 09:46:15.7942,5137.25,5,73.0,5137.0,15.0,5137.25,0.25,0.0,4.866666342222244,Hold
2025-01-26 09:46:15.7946,5137.25,2,12.0,5137.25,81.0,5137.5,0.25,0.0,0.14814814631915868,Hold
2025-01-26 09:46:15.7946,5137.25,4,6.0,5137.25,81.0,5137.5,0.25,0.0,0.07407407315957934,Hold
2025-01-26 09:46:15.7947,5137.25,3,4.0,5137.25,81.0,5137.5,0.25,0.0,0.04938271543971957,Hold
2025-01-26 09:46:15.7948,5137.25,1,4.0,5137.25,75.0,5137.5,0.25,0.0,0.053333332622222236,Hold
2025-01-26 09:46:15.7948,5137.25,1,2.0,5137.25,75.0,5137.5,0.25,0.0,0.026666666311111118,Hold
2025-01-26 09:46:15.7949,5137.25,2,77.0,5137.0,75.0,5137.5,0.5,0.0,1.026666652977778,Hold
2025-01-26 09:46:15.7950,5137.25,2,77.0,5137.0,2.0,5137.25,0.25,0.0,38.49998075000962,Hold
2025-01-26 09:46:15.7951,5137.25,1,77.0,5137.0,2.0,5137.25,0.25,0.0,38.49998075000962,Hold
2025-01-26 09:46:15.7952,5137.25,1,77.0,5137.0,75.0,5137.5,0.5,0.0,1.026666652977778,Hold
2025-01-26 09:46:15.8054,5137.25,1,24.0,5137.25,71.0,5137.5,0.25,0.0,0.3380281642531245,Hold
2025-01-26 09:46:15.8531,5137.25,2,7.0,5137.25,71.0,5137.5,0.25,0.0,0.0985915479071613,Hold
2025-01-26 09:46:15.8532,5137.25,5,5.0,5137.25,71.0,5137.5,0.25,0.0,0.07042253421940092,Hold
2025-01-26 09:46:15.8534,5137.25,1,78.0,5137.0,1.0,5137.25,0.25,0.0,77.999922000078,Hold
2025-01-26 09:46:15.8535,5137.25,1,78.0,5137.0,2.0,5137.25,0.25,0.0,38.99998050000975,Hold
2025-01-26 09:46:15.8536,5137.25,1,79.0,5137.0,72.0,5137.5,0.5,0.0,1.0972222069830249,Hold
2025-01-26 09:46:15.8536,5137.25,1,79.0,5137.0,72.0,5137.5,0.5,0.0,1.0972222069830249,Hold
2025-01-26 09:46:15.8539,5137.25,1,20.0,5137.25,71.0,5137.5,0.25,0.0,0.2816901368776037,Hold
2025-01-26 09:46:15.8551,5137.25,3,3.0,5137.25,71.0,5137.5,0.25,0.0,0.04225352053164056,Hold
2025-01-26 09:46:15.8616,5137.25,1,79.0,5137.0,5.0,5137.25,0.25,0.0,15.799996840000631,Hold
2025-01-26 09:46:15.8617,5137.25,1,79.0,5137.0,4.0,5137.25,0.25,0.0,19.749995062501235,Hold
2025-01-26 09:46:15.8618,5137.25,2,79.0,5137.0,2.0,5137.25,0.25,0.0,39.49998025000987,Hold
2025-01-26 09:46:15.8620,5137.25,6,7.0,5137.25,71.0,5137.5,0.25,0.0,0.0985915479071613,Hold
2025-01-26 09:46:15.8621,5137.25,1,79.0,5137.0,71.0,5137.5,0.5,0.0,1.1126760406665346,Hold
2025-01-26 09:46:15.8623,5137.25,1,79.0,5137.0,1.0,5137.25,0.25,0.0,78.99992100007901,Hold
2025-01-26 09:46:15.9120,5137.25,1,19.0,5137.25,71.0,5137.5,0.25,0.0,0.2676056300337235,Hold
2025-01-26 09:46:15.9543,5137.25,1,19.0,5137.25,71.0,5137.5,0.25,0.0,0.2676056300337235,Hold
2025-01-26 09:46:16.0953,5137.25,4,12.0,5137.25,75.0,5137.5,0.25,0.0,0.1599999978666667,Hold
2025-01-26 09:46:16.0955,5137.25,2,2.0,5137.25,75.0,5137.5,0.25,0.0,0.026666666311111118,Hold
2025-01-26 09:46:16.0955,5137.25,4,2.0,5137.25,75.0,5137.5,0.25,0.0,0.026666666311111118,Hold
2025-01-26 09:46:16.0955,5137.25,1,79.0,5137.0,2.0,5137.25,0.25,0.0,39.49998025000987,Hold
2025-01-26 09:46:16.0957,5137.25,1,79.0,5137.0,13.0,5137.25,0.25,0.0,6.076922609467492,Hold
2025-01-26 09:46:16.0958,5137.25,1,79.0,5137.0,17.0,5137.25,0.25,0.0,4.647058550173027,Hold
2025-01-26 09:46:16.0960,5137.25,9,79.0,5137.0,12.0,5137.25,0.25,0.0,6.583332784722268,Hold
2025-01-26 09:46:16.0977,5137.25,2,2.0,5137.25,82.0,5137.5,0.25,0.0,0.02439024360499703,Hold
2025-01-26 09:46:16.1981,5137.25,2,73.0,5137.0,21.0,5137.25,0.25,0.0,3.476190310657604,Hold
2025-01-26 09:46:16.3281,5137.0,3,73.0,5137.0,17.0,5137.25,0.25,-0.024999999999636202,4.294117394463682,Hold
2025-01-26 09:46:16.3281,5137.0,2,67.0,5137.0,17.0,5137.25,0.25,-0.025000000000545697,3.9411762387543385,Hold
2025-01-26 09:46:16.3281,5137.0,1,67.0,5137.0,17.0,5137.25,0.25,-0.024999999999636202,3.9411762387543385,Hold
2025-01-26 09:46:16.3497,5137.0,1,67.0,5137.0,18.0,5137.25,0.25,-0.025000000000545697,3.72222201543211,Hold
2025-01-26 09:46:16.3854,5137.0,1,66.0,5137.0,20.0,5137.25,0.25,-0.024999999999636202,3.299999835000008,Hold
2025-01-26 09:46:16.4087,5137.25,17,65.0,5137.0,17.0,5137.25,0.25,0.0,3.823529186851224,Hold
2025-01-26 09:46:16.8723,5137.25,1,48.0,5137.25,49.0,5137.5,0.25,0.0,0.9795918167430242,Hold
2025-01-26 09:46:17.0245,5137.25,9,28.0,5137.25,60.0,5137.5,0.25,0.0,0.46666665888888903,Hold
2025-01-26 09:46:17.0247,5137.25,1,17.0,5137.25,61.0,5137.5,0.25,0.0,0.2786885200214997,Hold
2025-01-26 09:46:17.0248,5137.25,4,16.0,5137.25,61.0,5137.5,0.25,0.0,0.2622950776672938,Hold
2025-01-26 09:46:17.0248,5137.25,2,10.0,5137.25,62.0,5137.5,0.25,0.024999999999636202,0.16129031997918838,Hold
2025-01-26 09:46:17.2211,5137.25,1,50.0,5137.25,31.0,5137.5,0.25,0.025000000000545697,1.612903173777317,Buy
2025-01-26 09:46:17.3444,5137.5,3,44.0,5137.25,21.0,5137.5,0.25,0.0500000000001819,2.0952379954648572,Buy
2025-01-26 09:46:17.3445,5137.5,2,44.0,5137.25,14.0,5137.5,0.25,0.049999999999272404,3.142856918367363,Buy
2025-01-26 09:46:17.3446,5137.5,1,51.0,5137.25,12.0,5137.5,0.25,0.0500000000001819,4.2499996458333635,Buy
2025-01-26 09:46:17.3446,5137.5,2,51.0,5137.25,10.0,5137.5,0.25,0.025000000000545697,5.099999490000052,Buy
2025-01-26 09:46:17.3446,5137.5,3,51.0,5137.25,7.0,5137.5,0.25,0.024999999999636202,7.2857132448981075,Buy
2025-01-26 09:46:17.3447,5137.5,3,51.0,5137.25,4.0,5137.5,0.25,0.024999999999636202,12.749996812500797,Buy
2025-01-26 09:46:17.3450,5137.5,4,13.0,5137.5,59.0,5137.75,0.25,0.025000000000545697,0.22033897931628849,Hold
2025-01-26 09:46:17.3454,5137.5,5,6.0,5137.5,62.0,5137.75,0.25,0.024999999999636202,0.09677419198751304,Hold
2025-01-26 09:46:17.3455,5137.5,1,1.0,5137.5,62.0,5137.75,0.25,0.025000000000545697,0.01612903199791884,Hold
2025-01-26 09:46:17.3457,5137.5,1,55.0,5137.25,63.0,5137.75,0.5,0.024999999999636202,0.8730158591584785,Hold
2025-01-26 09:46:17.3460,5137.25,1,60.0,5137.25,11.0,5137.5,0.25,-0.024999999999636202,5.454544958677731,Hold
2025-01-26 09:46:17.3480,5137.5,1,54.0,5137.25,7.0,5137.5,0.25,0.0,7.714284612245056,Hold
2025-01-26 09:46:17.3483,5137.5,2,54.0,5137.25,6.0,5137.5,0.25,0.0,8.999998500000249,Hold
2025-01-26 09:46:17.3483,5137.5,2,7.0,5137.5,64.0,5137.75,0.25,0.0,0.10937499829101566,Hold
2025-01-26 09:46:17.3554,5137.5,1,11.0,5137.5,65.0,5137.75,0.25,0.0,0.16923076662721898,Hold
2025-01-26 09:46:17.3555,5137.5,1,51.0,5137.25,65.0,5137.75,0.5,0.0,0.784615372544379,Hold
2025-01-26 09:46:17.3555,5137.5,2,51.0,5137.25,65.0,5137.75,0.5,0.0,0.784615372544379,Hold
2025-01-26 09:46:17.3555,5137.5,3,51.0,5137.25,65.0,5137.75,0.5,0.0,0.784615372544379,Hold
2025-01-26 09:46:17.7301,5137.25,1,43.0,5137.25,40.0,5137.5,0.25,-0.025000000000545697,1.0749999731250008,Hold
2025-01-26 09:46:17.8036,5137.5,21,43.0,5137.25,21.0,5137.5,0.25,0.0,2.047618950113383,Hold
2025-01-26 09:46:17.8037,5137.5,1,43.0,5137.25,65.0,5137.75,0.5,0.025000000000545697,0.6615384513609469,Hold
2025-01-26 09:46:17.8037,5137.5,3,43.0,5137.25,5.0,5137.5,0.25,0.0,8.599998280000344,Hold
2025-01-26 09:46:17.8038,5137.5,5,43.0,5137.25,65.0,5137.75,0.5,0.0,0.6615384513609469,Hold
2025-01-26 09:46:17.8042,5137.5,1,5.0,5137.5,64.0,5137.75,0.25,0.0,0.07812499877929689,Hold
2025-01-26 09:46:17.8042,5137.5,3,1.0,5137.5,64.0,5137.75,0.25,0.0,0.015624999755859379,Hold
2025-01-26 09:46:17.8044,5137.5,1,5.0,5137.5,64.0,5137.75,0.25,0.0,0.07812499877929689,Hold
2025-01-26 09:46:17.8045,5137.5,1,4.0,5137.5,64.0,5137.75,0.25,0.0,0.062499999023437516,Hold
2025-01-26 09:46:17.8742,5137.5,1,53.0,5137.5,28.0,5137.75,0.25,0.0,1.8928570752551044,Hold
2025-01-26 09:46:17.9067,5137.5,1,43.0,5137.5,37.0,5137.75,0.25,0.024999999999636202,1.1621621307523748,Buy
2025-01-26 09:46:18.1075,5137.75,1,48.0,5137.5,18.0,5137.75,0.25,0.024999999999636202,2.6666665185185265,Buy
2025-01-26 09:46:18.1078,5137.75,14,48.0,5137.5,17.0,5137.75,0.25,0.025000000000545697,2.82352924567475,Buy
2025-01-26 09:46:18.1079,5137.75,1,49.0,5137.5,3.0,5137.75,0.25,0.024999999999636202,16.333327888890704,Buy
2025-01-26 09:46:18.1080,5137.75,2,49.0,5137.5,2.0,5137.75,0.25,0.025000000000545697,24.499987750006124,Buy
2025-01-26 09:46:18.1083,5137.75,1,3.0,5137.75,61.0,5138.0,0.25,0.024999999999636202,0.049180327062617595,Hold
2025-01-26 09:46:18.1084,5137.75,1,60.0,5137.5,61.0,5138.0,0.5,0.024999999999636202,0.9836065412523518,Hold
2025-01-26 09:46:18.1158,5137.75,1,60.0,5137.5,10.0,5137.75,0.25,0.025000000000545697,5.9999994000000605,Buy
2025-01-26 09:46:18.1288,5137.75,1,48.0,5137.5,11.0,5137.75,0.25,0.024999999999636202,4.363635966942185,Buy
2025-01-26 09:46:18.1467,5137.75,1,55.0,5137.5,8.0,5137.75,0.25,0.025000000000545697,6.874999140625108,Buy
2025-01-26 09:46:18.1878,5137.75,3,56.0,5137.5,7.0,5137.75,0.25,0.024999999999636202,7.99999885714302,Buy
2025-01-26 09:46:18.1878,5137.75,3,56.0,5137.5,4.0,5137.75,0.25,0.0,13.999996500000874,Hold
2025-01-26 09:46:18.1878,5137.75,1,6.0,5137.75,58.0,5138.0,0.25,0.0,0.10344827407847804,Hold
2025-01-26 09:46:18.1881,5137.75,3,18.0,5137.75,58.0,5138.0,0.25,0.0,0.31034482223543414,Hold
2025-01-26 09:46:18.1882,5137.75,3,6.0,5137.75,58.0,5138.0,0.25,0.0,0.10344827407847804,Hold
2025-01-26 09:46:18.1884,5137.75,5,6.0,5137.75,59.0,5138.0,0.25,0.0,0.10169491353059469,Hold
2025-01-26 09:46:18.1884,5137.75,1,56.0,5137.5,60.0,5138.0,0.5,0.0,0.9333333177777781,Hold
2025-01-26 09:46:18.3431,5137.75,1,7.0,5137.75,52.0,5138.0,0.25,0.0,0.13461538202662726,Hold
2025-01-26 09:46:18.3782,5137.75,1,3.0,5137.75,52.0,5138.0,0.25,0.0,0.05769230658284026,Hold
2025-01-26 09:46:18.3785,5137.75,1,1.0,5137.75,52.0,5138.0,0.25,0.0,0.019230768860946754,Hold
2025-01-26 09:46:18.4186,5137.75,3,3.0,5137.75,55.0,5138.0,0.25,0.0,0.05454545355371903,Hold
2025-01-26 09:46:18.4437,5137.75,1,49.0,5137.5,23.0,5137.75,0.25,0.0,2.1304346899811004,Hold
2025-01-26 09:46:18.5037,5137.5,1,49.0,5137.5,22.0,5137.75,0.25,-0.024999999999636202,2.2272726260330624,Hold
2025-01-26 09:46:18.5051,5137.5,3,49.0,5137.5,21.0,5137.75,0.25,-0.025000000000545697,2.3333332222222274,Hold
2025-01-26 09:46:18.8307,5137.75,1,60.0,5137.5,35.0,5137.75,0.25,0.0,1.714285665306124,Hold
2025-01-26 09:46:19.0789,5137.75,1,60.0,5137.5,34.0,5137.75,0.25,0.0,1.7647058304498286,Hold
2025-01-26 09:46:19.1479,5137.75,3,60.0,5137.5,12.0,5137.75,0.25,0.0,4.999999583333368,Hold
2025-01-26 09:46:19.1480,5137.75,2,61.0,5137.5,7.0,5137.75,0.25,0.0,8.714284469387932,Hold
2025-01-26 09:46:19.1480,5137.75,4,61.0,5137.5,7.0,5137.75,0.25,0.0,8.714284469387932,Hold
2025-01-26 09:46:19.1481,5137.75,1,61.0,5137.5,1.0,5137.75,0.25,0.0,60.999939000061005,Hold
2025-01-26 09:46:19.1481,5137.75,2,61.0,5137.5,1.0,5137.75,0.25,0.0,60.999939000061005,Hold
2025-01-26 09:46:19.1484,5137.75,3,5.0,5137.75,63.0,5138.0,0.25,0.0,0.07936507810531622,Hold
2025-01-26 09:46:19.1484,5137.75,3,70.0,5137.5,63.0,5138.0,0.5,0.025000000000545697,1.111111093474427,Buy
2025-01-26 09:46:19.1485,5137.75,1,70.0,5137.5,2.0,5137.75,0.25,0.024999999999636202,34.99998250000875,Buy
2025-01-26 09:46:19.1567,5137.75,1,69.0,5137.5,24.0,5137.75,0.25,0.0,2.874999880208338,Hold
2025-01-26 09:46:19.1568,5137.75,3,69.0,5137.5,19.0,5137.75,0.25,0.0,3.6315787562326967,Hold
2025-01-26 09:46:19.1569,5137.75,1,69.0,5137.5,13.0,5137.75,0.25,0.0,5.307691899408316,Hold
2025-01-26 09:46:19.2675,5137.75,1,30.0,5137.75,59.0,5138.0,0.25,0.0,0.5084745676529735,Hold
2025-01-26 09:46:19.3568,5138.0,1,46.0,5137.75,40.0,5138.0,0.25,0.024999999999636202,1.1499999712500009,Buy
2025-01-26 09:46:19.3763,5137.75,1,38.0,5137.75,47.0,5138.0,0.25,0.0,0.8085106210955187,Hold
2025-01-26 09:46:19.4001,5138.0,5,13.0,5137.75,55.0,5138.0,0.25,0.025000000000545697,0.2363636320661158,Hold
2025-01-26 09:46:19.4119,5137.75,1,40.0,5137.75,53.0,5138.0,0.25,0.0,0.7547169668921327,Hold
2025-01-26 09:46:19.4449,5137.75,13,13.0,5137.75,55.0,5138.0,0.25,0.0,0.2363636320661158,Hold
2025-01-26 09:46:19.6163,5137.75,1,86.0,5137.5,7.0,5137.75,0.25,0.0,12.285712530612495,Hold
2025-01-26 09:46:19.6166,5137.75,5,87.0,5137.5,6.0,5137.75,0.25,0.0,14.499997583333736,Hold
2025-01-26 09:46:19.6166,5137.75,1,8.0,5137.75,69.0,5138.0,0.25,0.0,0.11594202730518802,Hold
2025-01-26 09:46:19.6169,5137.75,2,2.0,5137.75,68.0,5138.0,0.25,0.0,0.02941176427335641,Hold
2025-01-26 09:46:19.6169,5137.75,1,87.0,5137.5,68.0,5138.0,0.5,0.0,1.2794117458910037,Hold
2025-01-26 09:46:19.6967,5137.75,2,95.0,5137.5,3.0,5137.75,0.25,-0.025000000000545697,31.666656111114627,Hold
2025-01-26 09:46:19.6967,5137.75,1,95.0,5137.5,61.0,5138.0,0.5,0.0,1.557377023649557,Hold
2025-01-26 09:46:19.7062,5137.75,9,9.0,5137.75,62.0,5138.0,0.25,-0.024999999999636202,0.14516128798126957,Sell
2025-01-26 09:46:19.7571,5137.5,2,90.0,5137.5,7.0,5137.75,0.25,-0.024999999999636202,12.857141020408426,Hold
2025-01-26 09:46:20.1528,5137.5,1,88.0,5137.5,20.0,5137.75,0.25,-0.025000000000545697,4.399999780000011,Hold
2025-01-26 09:46:20.1621,5137.5,1,88.0,5137.5,22.0,5137.75,0.25,-0.024999999999636202,3.999999818181826,Hold
2025-01-26 09:46:20.3262,5137.5,3,88.0,5137.5,22.0,5137.75,0.25,-0.025000000000545697,3.999999818181826,Hold
2025-01-26 09:46:20.4232,5137.75,2,88.0,5137.5,9.0,5137.75,0.25,0.0,9.777776691358147,Hold
2025-01-26 09:46:20.4233,5137.75,7,88.0,5137.5,7.0,5137.75,0.25,0.0,12.57142677551046,Hold
2025-01-26 09:46:20.6070,5138.0,26,61.0,5137.75,24.0,5138.0,0.25,0.025000000000545697,2.5416665607638933,Buy
2025-01-26 09:46:20.6071,5138.0,12,61.0,5137.75,1.0,5138.0,0.25,0.024999999999636202,60.999939000061005,Buy
2025-01-26 09:46:20.6072,5138.0,4,61.0,5137.75,5.0,5138.0,0.25,0.025000000000545697,12.199997560000488,Buy
2025-01-26 09:46:20.6073,5138.0,2,61.0,5137.75,1.0,5138.0,0.25,0.024999999999636202,60.999939000061005,Buy
2025-01-26 09:46:20.6073,5138.0,1,61.0,5137.75,5.0,5138.0,0.25,0.0500000000001819,12.199997560000488,Buy
2025-01-26 09:46:20.6074,5138.0,1,61.0,5137.75,1.0,5138.0,0.25,0.0500000000001819,60.999939000061005,Buy
2025-01-26 09:46:20.6075,5138.0,1,61.0,5137.75,5.0,5138.0,0.25,0.049999999999272404,12.199997560000488,Buy
2025-01-26 09:46:20.6075,5138.0,2,61.0,5137.75,5.0,5138.0,0.25,0.0500000000001819,12.199997560000488,Buy
2025-01-26 09:46:20.6076,5138.0,3,61.0,5137.75,5.0,5138.0,0.25,0.025000000000545697,12.199997560000488,Buy
2025-01-26 09:46:20.6076,5138.0,1,61.0,5137.75,5.0,5138.0,0.25,0.024999999999636202,12.199997560000488,Buy
2025-01-26 09:46:20.6077,5138.0,5,61.0,5137.75,53.0,5138.25,0.5,0.0,1.1509433745105024,Hold
2025-01-26 09:46:20.6077,5138.0,1,1.0,5138.0,53.0,5138.25,0.25,0.0,0.01886792417230332,Hold
2025-01-26 09:46:20.6080,5138.0,1,9.0,5138.0,58.0,5138.25,0.25,0.0,0.15517241111771707,Hold
2025-01-26 09:46:20.6081,5138.0,1,6.0,5138.0,58.0,5138.25,0.25,0.0,0.10344827407847804,Hold
2025-01-26 09:46:20.6081,5138.0,2,6.0,5138.0,58.0,5138.25,0.25,0.0,0.10344827407847804,Hold
2025-01-26 09:46:20.6082,5138.0,2,62.0,5137.75,2.0,5138.0,0.25,0.0,30.99998450000775,Hold
2025-01-26 09:46:20.6083,5138.0,4,9.0,5138.0,53.0,5138.25,0.25,0.0,0.16981131755072987,Hold
2025-01-26 09:46:20.6085,5138.0,1,8.0,5138.0,53.0,5138.25,0.25,0.0,0.15094339337842655,Hold
2025-01-26 09:46:20.6086,5138.0,2,6.0,5138.0,53.0,5138.25,0.25,0.0,0.11320754503381991,Hold
2025-01-26 09:46:20.6086,5138.0,8,6.0,5138.0,53.0,5138.25,0.25,0.0,0.11320754503381991,Hold
2025-01-26 09:46:20.6087,5138.0,2,60.0,5137.75,1.0,5138.0,0.25,0.0,59.99994000006001,Hold
2025-01-26 09:46:20.6087,5138.0,1,2.0,5138.0,53.0,5138.25,0.25,0.0,0.03773584834460664,Hold
2025-01-26 09:46:20.6089,5138.0,5,2.0,5138.0,54.0,5138.25,0.25,0.0,0.037037036351165994,Hold
2025-01-26 09:46:20.6090,5138.0,2,61.0,5137.75,54.0,5138.25,0.5,0.0,1.1296296087105628,Hold
2025-01-26 09:46:20.6091,5138.0,1,63.0,5137.75,1.0,5138.0,0.25,0.0,62.99993700006301,Hold
2025-01-26 09:46:20.6092,5138.0,2,64.0,5137.75,2.0,5138.0,0.25,0.0,31.999984000008,Hold
2025-01-26 09:46:20.6093,5138.0,1,64.0,5137.75,54.0,5138.25,0.5,0.0,1.1851851632373118,Hold
2025-01-26 09:46:20.7941,5138.25,5,10.0,5138.0,51.0,5138.25,0.25,0.024999999999636202,0.19607842752787397,Hold
2025-01-26 09:46:20.8020,5138.0,10,10.0,5138.0,50.0,5138.25,0.25,0.0,0.1999999960000001,Hold
2025-01-26 09:46:20.8106,5138.0,1,63.0,5137.75,24.0,5138.0,0.25,0.0,2.6249998906250043,Hold
2025-01-26 09:46:20.8111,5138.0,1,63.0,5137.75,22.0,5138.0,0.25,0.0,2.8636362334710803,Hold
2025-01-26 09:46:20.8503,5138.0,1,62.0,5137.75,4.0,5138.0,0.25,0.0,15.499996125000969,Hold
2025-01-26 09:46:20.8585,5138.0,1,63.0,5137.75,12.0,5138.0,0.25,0.0,5.249999562500037,Hold
2025-01-26 09:46:20.9025,5138.25,1,10.0,5138.0,54.0,5138.25,0.25,0.025000000000545697,0.18518518175583,Hold
2025-01-26 09:46:20.9190,5138.0,1,7.0,5138.0,54.0,5138.25,0.25,0.0,0.12962962722908097,Hold
2025-01-26 09:46:20.9193,5138.0,4,4.0,5138.0,54.0,5138.25,0.25,0.0,0.07407407270233199,Hold
2025-01-26 09:46:21.0939,5138.0,3,59.0,5137.75,27.0,5138.0,0.25,0.0,2.1851851042524033,Hold
2025-01-26 09:46:21.1109,5138.0,1,55.0,5137.75,12.0,5138.0,0.25,-0.025000000000545697,4.583332951388921,Hold
2025-01-26 09:46:21.3694,5138.0,1,52.0,5137.75,39.0,5138.0,0.25,0.0,1.3333332991453002,Hold
2025-01-26 09:46:21.4485,5137.75,1,36.0,5137.75,50.0,5138.0,0.25,-0.024999999999636202,0.7199999856000003,Sell
2025-01-26 09:46:21.6438,5138.0,10,29.0,5137.75,50.0,5138.0,0.25,0.0,0.5799999884000002,Hold
2025-01-26 09:46:21.6440,5137.75,2,39.0,5137.75,47.0,5138.0,0.25,-0.024999999999636202,0.8297872163875061,Sell
2025-01-26 09:46:21.6836,5137.75,1,24.0,5137.75,50.0,5138.0,0.25,-0.025000000000545697,0.47999999040000024,Sell
2025-01-26 09:46:21.6900,5137.75,23,23.0,5137.75,50.0,5138.0,0.25,-0.0500000000001819,0.4599999908000002,Sell
2025-01-26 09:46:21.9406,5137.75,1,67.0,5137.5,42.0,5137.75,0.25,-0.024999999999636202,1.5952380572562368,Hold
2025-01-26 09:46:21.9479,5137.75,1,67.0,5137.5,42.0,5137.75,0.25,-0.024999999999636202,1.5952380572562368,Hold
2025-01-26 09:46:22.0158,5137.5,7,46.0,5137.5,61.0,5137.75,0.25,-0.0500000000001819,0.7540983482934698,Sell
2025-01-26 09:46:22.0159,5137.5,1,38.0,5137.5,61.0,5137.75,0.25,-0.0500000000001819,0.6229508094598228,Sell
2025-01-26 09:46:22.0160,5137.5,12,37.0,5137.5,61.0,5137.75,0.25,-0.0500000000001819,0.6065573671056169,Sell
2025-01-26 09:46:22.0160,5137.5,4,21.0,5137.5,63.0,5137.75,0.25,-0.024999999999636202,0.3333333280423281,Sell
2025-01-26 09:46:22.0161,5137.5,4,17.0,5137.5,63.0,5137.75,0.25,-0.0500000000001819,0.26984126555807514,Sell
2025-01-26 09:46:22.0162,5137.5,1,16.0,5137.5,63.0,5137.75,0.25,-0.024999999999636202,0.2539682499370119,Sell
2025-01-26 09:46:22.0162,5137.5,9,6.0,5137.5,63.0,5137.75,0.25,-0.025000000000545697,0.09523809372637947,Sell
2025-01-26 09:46:22.0162,5137.5,1,5.0,5137.5,63.0,5137.75,0.25,-0.024999999999636202,0.07936507810531622,Sell
2025-01-26 09:46:22.0163,5137.5,1,4.0,5137.5,63.0,5137.75,0.25,-0.025000000000545697,0.06349206248425297,Sell
2025-01-26 09:46:22.0163,5137.5,1,3.0,5137.5,63.0,5137.75,0.25,-0.024999999999636202,0.04761904686318973,Sell
2025-01-26 09:46:22.0163,5137.5,1,3.0,5137.5,63.0,5137.75,0.25,0.0,0.04761904686318973,Hold
2025-01-26 09:46:22.0164,5137.5,2,61.0,5137.25,69.0,5137.75,0.5,0.0,0.8840579582020586,Hold
2025-01-26 09:46:22.0164,5137.5,1,61.0,5137.25,1.0,5137.5,0.25,0.0,60.999939000061005,Hold
2025-01-26 09:46:22.0165,5137.5,2,61.0,5137.25,69.0,5137.75,0.5,0.0,0.8840579582020586,Hold
2025-01-26 09:46:22.0166,5137.5,5,5.0,5137.5,69.0,5137.75,0.25,0.0,0.07246376706574251,Hold
2025-01-26 09:46:22.0167,5137.5,1,67.0,5137.25,2.0,5137.5,0.25,0.0,33.49998325000837,Hold
2025-01-26 09:46:22.0167,5137.5,1,1.0,5137.5,70.0,5137.75,0.25,0.0,0.014285714081632657,Hold
2025-01-26 09:46:22.0168,5137.5,1,1.0,5137.5,66.0,5137.75,0.25,0.0,0.015151514921946744,Hold
2025-01-26 09:46:22.0170,5137.5,2,2.0,5137.5,67.0,5137.75,0.25,0.0,0.0298507458231232,Hold
2025-01-26 09:46:22.0170,5137.5,1,68.0,5137.25,2.0,5137.5,0.25,0.0,33.9999830000085,Hold
2025-01-26 09:46:22.0809,5137.5,1,49.0,5137.25,19.0,5137.5,0.25,0.0,2.578947232686988,Hold
2025-01-26 09:46:22.1295,5137.5,2,57.0,5137.25,12.0,5137.5,0.25,0.0,4.7499996041667,Hold
2025-01-26 09:46:22.1296,5137.5,2,57.0,5137.25,10.0,5137.5,0.25,0.0,5.699999430000058,Hold
2025-01-26 09:46:22.1296,5137.5,3,57.0,5137.25,62.0,5137.75,0.5,0.0,0.9193548238813738,Hold
2025-01-26 09:46:22.3610,5137.5,17,17.0,5137.5,56.0,5137.75,0.25,0.0,0.30357142315051033,Hold
2025-01-26 09:46:22.3694,5137.5,2,54.0,5137.25,15.0,5137.5,0.25,0.0,3.599999760000016,Hold
2025-01-26 09:46:22.3696,5137.5,10,54.0,5137.25,10.0,5137.5,0.25,0.0,5.399999460000054,Hold
2025-01-26 09:46:22.5939,5137.5,2,15.0,5137.5,64.0,5137.75,0.25,0.0,0.2343749963378907,Hold
2025-01-26 09:46:22.5940,5137.5,10,13.0,5137.5,64.0,5137.75,0.25,0.0,0.20312499682617194,Hold
2025-01-26 09:46:22.5941,5137.5,3,3.0,5137.5,64.0,5137.75,0.25,0.0,0.04687499926757814,Hold
2025-01-26 09:46:22.5943,5137.5,1,53.0,5137.25,17.0,5137.5,0.25,0.0,3.1176468754325364,Hold
2025-01-26 09:46:22.5943,5137.5,1,53.0,5137.25,15.0,5137.5,0.25,0.0,3.5333330977777937,Hold
2025-01-26 09:46:22.5946,5137.5,3,57.0,5137.25,7.0,5137.5,0.25,0.0,8.142855979592003,Hold
2025-01-26 09:46:22.5946,5137.5,2,57.0,5137.25,3.0,5137.5,0.25,0.0,18.999993666668775,Hold
2025-01-26 09:46:22.5947,5137.5,2,57.0,5137.25,3.0,5137.5,0.25,0.0,18.999993666668775,Hold
2025-01-26 09:46:22.5948,5137.5,1,2.0,5137.5,64.0,5137.75,0.25,0.0,0.031249999511718758,Hold
2025-01-26 09:46:22.7346,5137.5,1,6.0,5137.5,62.0,5137.75,0.25,0.0,0.09677419198751304,Hold
2025-01-26 09:46:22.7346,5137.5,3,2.0,5137.5,62.0,5137.75,0.25,0.0,0.03225806399583768,Hold
2025-01-26 09:46:22.7347,5137.5,2,61.0,5137.25,62.0,5137.75,0.5,0.0,0.9838709518730492,Hold
2025-01-26 09:46:22.7351,5137.5,1,63.0,5137.25,5.0,5137.5,0.25,0.0,12.599997480000503,Hold
2025-01-26 09:46:22.7352,5137.5,4,63.0,5137.25,4.0,5137.5,0.25,0.0,15.749996062500983,Hold
2025-01-26 09:46:23.4992,5137.5,1,7.0,5137.5,58.0,5137.75,0.25,0.0,0.12068965309155771,Hold
2025-01-26 09:46:23.5106,5137.5,6,6.0,5137.5,59.0,5137.75,0.25,0.0,0.10169491353059469,Hold
2025-01-26 09:46:23.5353,5137.5,12,56.0,5137.25,12.0,5137.5,0.25,0.0,4.666666277777811,Hold
2025-01-26 09:46:23.5621,5137.5,1,1.0,5137.5,67.0,5137.75,0.25,0.0,0.0149253729115616,Hold
2025-01-26 09:46:23.5708,5137.5,1,57.0,5137.25,8.0,5137.5,0.25,0.0,7.124999109375112,Hold
2025-01-26 09:46:23.5710,5137.5,2,57.0,5137.25,3.0,5137.5,0.25,0.0,18.999993666668775,Hold
2025-01-26 09:46:23.7015,5137.5,3,3.0,5137.5,68.0,5137.75,0.25,0.0,0.044117646410034614,Hold
2025-01-26 09:46:23.7176,5137.5,1,56.0,5137.25,8.0,5137.5,0.25,0.0,6.99999912500011,Hold
2025-01-26 09:46:23.7178,5137.5,2,56.0,5137.25,3.0,5137.5,0.25,0.0,18.666660444446517,Hold
2025-01-26 09:46:23.7181,5137.5,1,56.0,5137.25,6.0,5137.5,0.25,0.0,9.333331777778037,Hold
2025-01-26 09:46:23.7528,5137.25,1,45.0,5137.25,41.0,5137.5,0.25,-0.024999999999636202,1.097560948839977,Hold
2025-01-26 09:46:23.9070,5137.25,1,41.0,5137.25,44.0,5137.5,0.25,-0.025000000000545697,0.9318181606404964,Sell
2025-01-26 09:46:23.9178,5137.25,3,30.0,5137.25,51.0,5137.5,0.25,-0.024999999999636202,0.5882352825836219,Sell
2025-01-26 09:46:23.9180,5137.25,2,27.0,5137.25,51.0,5137.5,0.25,-0.025000000000545697,0.5294117543252598,Sell
2025-01-26 09:46:23.9180,5137.25,3,15.0,5137.25,51.0,5137.5,0.25,-0.024999999999636202,0.29411764129181095,Sell
2025-01-26 09:46:23.9207,5137.25,4,15.0,5137.25,51.0,5137.5,0.25,-0.024999999999636202,0.29411764129181095,Sell
2025-01-26 09:46:23.9208,5137.25,6,5.0,5137.25,51.0,5137.5,0.25,-0.025000000000545697,0.09803921376393698,Sell
2025-01-26 09:46:23.9208,5137.25,2,5.0,5137.25,51.0,5137.5,0.25,-0.024999999999636202,0.09803921376393698,Sell
2025-01-26 09:46:23.9209,5137.25,1,2.0,5137.25,53.0,5137.5,0.25,-0.025000000000545697,0.03773584834460664,Sell
2025-01-26 09:46:23.9212,5137.25,1,79.0,5137.0,53.0,5137.5,0.5,-0.024999999999636202,1.4905660096119622,Hold
2025-01-26 09:46:23.9216,5137.25,1,4.0,5137.25,54.0,5137.5,0.25,0.0,0.07407407270233199,Hold
2025-01-26 09:46:23.9218,5137.25,3,79.0,5137.0,55.0,5137.5,0.5,0.0,1.4363636102479345,Hold
2025-01-26 09:46:23.9218,5137.25,1,79.0,5137.0,55.0,5137.5,0.5,0.0,1.4363636102479345,Hold
2025-01-26 09:46:23.9219,5137.25,1,2.0,5137.25,55.0,5137.5,0.25,0.0,0.03636363570247935,Hold
2025-01-26 09:46:23.9219,5137.25,1,5.0,5137.25,56.0,5137.5,0.25,0.0,0.08928571269132657,Hold
2025-01-26 09:46:23.9221,5137.25,1,1.0,5137.25,58.0,5137.5,0.25,0.0,0.017241379013079674,Hold
2025-01-26 09:46:23.9224,5137.25,1,82.0,5137.0,1.0,5137.25,0.25,0.0,81.999918000082,Hold
2025-01-26 09:46:23.9227,5137.25,1,1.0,5137.25,58.0,5137.5,0.25,0.0,0.017241379013079674,Hold
2025-01-26 09:46:23.9228,5137.25,1,78.0,5137.0,58.0,5137.5,0.5,0.0,1.3448275630202144,Hold
2025-01-26 09:46:23.9343,5137.25,8,78.0,5137.0,8.0,5137.25,0.25,0.0,9.749998781250154,Hold
2025-01-26 09:46:24.0318,5137.25,1,16.0,5137.25,60.0,5137.5,0.25,0.0,0.2666666622222223,Hold
2025-01-26 09:46:24.4316,5137.5,1,43.0,5137.25,15.0,5137.5,0.25,0.024999999999636202,2.8666664755555686,Buy
2025-01-26 09:46:24.4318,5137.5,4,43.0,5137.25,12.0,5137.5,0.25,0.025000000000545697,3.5833330347222474,Buy
2025-01-26 09:46:24.4318,5137.5,6,43.0,5137.25,8.0,5137.5,0.25,0.024999999999636202,5.374999328125084,Buy
2025-01-26 09:46:24.4319,5137.5,2,43.0,5137.25,2.0,5137.5,0.25,0.025000000000545697,21.499989250005374,Buy
2025-01-26 09:46:24.4320,5137.5,1,46.0,5137.25,66.0,5137.75,0.5,0.024999999999636202,0.6969696864095503,Hold
2025-01-26 09:46:24.4322,5137.5,2,2.0,5137.5,72.0,5137.75,0.25,0.024999999999636202,0.027777777391975313,Hold
2025-01-26 09:46:24.4322,5137.5,1,49.0,5137.25,2.0,5137.5,0.25,0.025000000000545697,24.499987750006124,Buy
2025-01-26 09:46:24.4325,5137.5,4,57.0,5137.25,4.0,5137.5,0.25,0.024999999999636202,14.24999643750089,Buy
2025-01-26 09:46:24.4326,5137.5,1,57.0,5137.25,1.0,5137.5,0.25,0.025000000000545697,56.999943000057,Buy
2025-01-26 09:46:24.5595,5137.75,5,39.0,5137.5,43.0,5137.75,0.25,0.049999999999272404,0.9069767230935646,Hold
2025-01-26 09:46:24.9944,5137.5,7,7.0,5137.5,52.0,5137.75,0.25,0.0,0.13461538202662726,Hold
2025-01-26 09:46:25.0080,5137.5,1,46.0,5137.25,20.0,5137.5,0.25,0.0,2.299999885000006,Hold
2025-01-26 09:46:25.1059,5137.5,11,47.0,5137.25,12.0,5137.5,0.25,0.0,3.9166663402778052,Hold
2025-01-26 09:46:25.1060,5137.5,1,47.0,5137.25,1.0,5137.5,0.25,0.0,46.999953000047,Hold
2025-01-26 09:46:25.4284,5137.5,1,47.0,5137.5,36.0,5137.75,0.25,0.0,1.3055555192901245,Hold
2025-01-26 09:46:25.4735,5137.5,2,46.0,5137.5,40.0,5137.75,0.25,0.0,1.1499999712500009,Hold
2025-01-26 09:46:26.0010,5137.75,1,39.0,5137.5,45.0,5137.75,0.25,0.025000000000545697,0.8666666474074078,Hold
2025-01-26 09:46:26.0814,5137.5,1,49.0,5137.5,33.0,5137.75,0.25,0.0,1.4848484398530777,Hold
2025-01-26 09:46:26.8278,5137.75,20,40.0,5137.5,55.0,5137.75,0.25,0.024999999999636202,0.727272714049587,Hold
2025-01-26 09:46:26.8965,5137.5,10,57.0,5137.5,14.0,5137.75,0.25,-0.024999999999636202,4.071428280612266,Hold
2025-01-26 09:46:26.9757,5137.75,2,57.0,5137.5,16.0,5137.75,0.25,0.024999999999636202,3.562499777343764,Buy
2025-01-26 09:46:26.9758,5137.75,8,57.0,5137.5,14.0,5137.75,0.25,0.025000000000545697,4.071428280612266,Buy
2025-01-26 09:46:26.9759,5137.75,1,57.0,5137.5,5.0,5137.75,0.25,0.024999999999636202,11.399997720000457,Buy
2025-01-26 09:46:26.9759,5137.75,1,57.0,5137.5,3.0,5137.75,0.25,0.024999999999636202,18.999993666668775,Buy
2025-01-26 09:46:26.9762,5137.75,3,9.0,5137.75,58.0,5138.0,0.25,0.025000000000545697,0.15517241111771707,Hold
2025-01-26 09:46:26.9762,5137.75,1,5.0,5137.75,57.0,5138.0,0.25,0.024999999999636202,0.08771929670667901,Hold
2025-01-26 09:46:26.9763,5137.75,1,4.0,5137.75,57.0,5138.0,0.25,0.0,0.07017543736534321,Hold
2025-01-26 09:46:26.9763,5137.75,1,3.0,5137.75,57.0,5138.0,0.25,0.025000000000545697,0.052631578024007405,Hold
2025-01-26 09:46:26.9764,5137.75,1,2.0,5137.75,57.0,5138.0,0.25,0.0,0.035087718682671604,Hold
2025-01-26 09:46:26.9766,5137.75,8,8.0,5137.75,57.0,5138.0,0.25,0.024999999999636202,0.14035087473068641,Hold
2025-01-26 09:46:27.0211,5137.5,1,60.0,5137.5,4.0,5137.75,0.25,-0.024999999999636202,14.999996250000937,Hold
2025-01-26 09:46:27.0871,5137.75,2,59.0,5137.5,8.0,5137.75,0.25,0.0,7.374999078125116,Hold
2025-01-26 09:46:27.0871,5137.75,6,59.0,5137.5,6.0,5137.75,0.25,0.0,9.833331694444718,Hold
2025-01-26 09:46:27.0877,5137.75,4,4.0,5137.75,53.0,5138.0,0.25,0.0,0.07547169668921327,Hold
2025-01-26 09:46:27.2949,5137.5,3,52.0,5137.5,9.0,5137.75,0.25,-0.025000000000545697,5.777777135802541,Hold
2025-01-26 09:46:27.3244,5137.75,1,49.0,5137.5,11.0,5137.75,0.25,0.0,4.454545049586814,Hold
2025-01-26 09:46:27.3682,5137.75,6,50.0,5137.5,6.0,5137.75,0.25,0.0,8.333331944444677,Hold
2025-01-26 09:46:27.3900,5137.75,1,6.0,5137.75,57.0,5138.0,0.25,0.0,0.10526315604801481,Hold
2025-01-26 09:46:27.3902,5137.75,2,2.0,5137.75,57.0,5138.0,0.25,0.0,0.035087718682671604,Hold
2025-01-26 09:46:27.3941,5137.75,2,63.0,5137.5,6.0,5137.75,0.25,0.0,10.499998250000292,Hold
2025-01-26 09:46:27.3943,5137.75,1,65.0,5137.5,3.0,5137.75,0.25,0.025000000000545697,21.66665944444685,Buy
2025-01-26 09:46:27.3944,5137.75,1,65.0,5137.5,2.0,5137.75,0.25,0.0,32.49998375000812,Hold
2025-01-26 09:46:27.3944,5137.75,1,4.0,5137.75,58.0,5138.0,0.25,0.0,0.0689655160523187,Hold
2025-01-26 09:46:27.3946,5137.75,1,1.0,5137.75,57.0,5138.0,0.25,0.0,0.017543859341335802,Hold
2025-01-26 09:46:27.3947,5137.75,1,66.0,5137.5,2.0,5137.75,0.25,0.024999999999636202,32.99998350000825,Buy
2025-01-26 09:46:27.5973,5137.75,3,63.0,5137.5,4.0,5137.75,0.25,0.0,15.749996062500983,Hold
2025-01-26 09:46:27.5974,5137.75,1,63.0,5137.5,1.0,5137.75,0.25,0.0,62.99993700006301,Hold
2025-01-26 09:46:27.5979,5137.75,2,7.0,5137.75,57.0,5138.0,0.25,0.0,0.12280701538935061,Hold
2025-01-26 09:46:27.5979,5137.75,3,2.0,5137.75,57.0,5138.0,0.25,0.0,0.035087718682671604,Hold
2025-01-26 09:46:27.5979,5137.75,1,1.0,5137.75,57.0,5138.0,0.25,0.0,0.017543859341335802,Hold
2025-01-26 09:46:27.5980,5137.75,1,63.0,5137.5,58.0,5138.0,0.5,0.0,1.0862068778240195,Hold
2025-01-26 09:46:27.6386,5137.5,1,62.0,5137.5,26.0,5137.75,0.25,-0.024999999999636202,2.3846152928994115,Hold
2025-01-26 09:46:27.7867,5137.5,50,59.0,5137.5,12.0,5137.75,0.25,-0.025000000000545697,4.916666256944479,Hold
2025-01-26 09:46:28.7447,5137.75,1,23.0,5137.5,52.0,5137.75,0.25,0.0,0.4423076838017753,Hold
2025-01-26 09:46:28.8142,5137.5,1,23.0,5137.5,51.0,5137.75,0.25,-0.024999999999636202,0.45098038331411017,Sell
2025-01-26 09:46:28.9300,5137.5,10,21.0,5137.5,52.0,5137.75,0.25,-0.025000000000545697,0.40384614607988184,Sell
2025-01-26 09:46:28.9302,5137.5,4,7.0,5137.5,52.0,5137.75,0.25,-0.024999999999636202,0.13461538202662726,Sell
2025-01-26 09:46:28.9302,5137.5,3,3.0,5137.5,52.0,5137.75,0.25,-0.024999999999636202,0.05769230658284026,Sell
2025-01-26 09:46:28.9304,5137.5,1,63.0,5137.25,8.0,5137.5,0.25,-0.025000000000545697,7.874999015625124,Hold
2025-01-26 09:46:28.9306,5137.5,4,62.0,5137.25,6.0,5137.5,0.25,-0.024999999999636202,10.333331611111397,Hold
2025-01-26 09:46:28.9306,5137.5,2,62.0,5137.25,2.0,5137.5,0.25,-0.025000000000545697,30.99998450000775,Hold
2025-01-26 09:46:28.9523,5137.5,1,34.0,5137.5,43.0,5137.75,0.25,0.0,0.7906976560302871,Hold
2025-01-26 09:46:28.9810,5137.75,1,30.0,5137.5,45.0,5137.75,0.25,0.025000000000545697,0.6666666518518523,Hold
2025-01-26 09:46:29.1947,5137.5,1,56.0,5137.5,31.0,5137.75,0.25,-0.025000000000545697,1.806451554630595,Hold
2025-01-26 09:46:29.2203,5137.75,21,62.0,5137.5,25.0,5137.75,0.25,0.025000000000545697,2.4799999008000038,Buy
2025-01-26 09:46:29.2204,5137.75,1,64.0,5137.5,4.0,5137.75,0.25,0.024999999999636202,15.999996000001,Buy
2025-01-26 09:46:29.2207,5137.75,4,7.0,5137.75,55.0,5138.0,0.25,0.025000000000545697,0.12727272495867772,Hold
2025-01-26 09:46:29.2208,5137.75,1,4.0,5137.75,55.0,5138.0,0.25,0.024999999999636202,0.0727272714049587,Hold
2025-01-26 09:46:29.2209,5137.75,3,3.0,5137.75,55.0,5138.0,0.25,0.024999999999636202,0.05454545355371903,Hold
2025-01-26 09:46:29.2210,5137.75,4,62.0,5137.5,7.0,5137.75,0.25,0.025000000000545697,8.857141591836916,Buy
2025-01-26 09:46:29.2215,5137.75,4,63.0,5137.5,11.0,5137.75,0.25,0.024999999999636202,5.727272206611618,Buy
2025-01-26 09:46:29.2215,5137.75,2,63.0,5137.5,2.0,5137.75,0.25,0.025000000000545697,31.499984250007873,Buy
2025-01-26 09:46:29.2215,5137.75,3,63.0,5137.5,2.0,5137.75,0.25,0.0,31.499984250007873,Hold
2025-01-26 09:46:29.2216,5137.75,2,63.0,5137.5,57.0,5138.0,0.5,0.024999999999636202,1.1052631385041556,Buy
2025-01-26 09:46:29.2217,5137.75,1,5.0,5137.75,56.0,5138.0,0.25,0.0,0.08928571269132657,Hold
2025-01-26 09:46:29.2218,5137.75,2,63.0,5137.5,56.0,5138.0,0.5,0.0,1.1249999799107147,Hold
2025-01-26 09:46:29.2221,5137.75,2,2.0,5137.75,57.0,5138.0,0.25,0.0,0.035087718682671604,Hold
2025-01-26 09:46:29.2272,5137.75,2,64.0,5137.5,7.0,5137.75,0.25,0.0,9.14285583673488,Hold
2025-01-26 09:46:29.2274,5137.75,1,64.0,5137.5,2.0,5137.75,0.25,0.0,31.999984000008,Hold
2025-01-26 09:46:29.6119,5137.75,1,57.0,5137.5,4.0,5137.75,0.25,0.0,14.24999643750089,Hold
2025-01-26 09:46:29.6121,5137.75,1,57.0,5137.5,3.0,5137.75,0.25,0.0,18.999993666668775,Hold
2025-01-26 09:46:29.6121,5137.75,2,2.0,5137.75,56.0,5138.0,0.25,0.0,0.03571428507653063,Hold
2025-01-26 09:46:29.6124,5137.75,2,2.0,5137.75,56.0,5138.0,0.25,0.0,0.03571428507653063,Hold
2025-01-26 09:46:29.7162,5137.75,1,65.0,5137.5,1.0,5137.75,0.25,0.0,64.99993500006501,Hold
2025-01-26 09:46:29.7169,5137.75,2,82.0,5137.5,2.0,5137.75,0.25,0.0,40.99997950001025,Hold
2025-01-26 09:46:30.0703,5138.0,1,56.0,5137.75,16.0,5138.0,0.25,0.024999999999636202,3.4999997812500134,Buy
2025-01-26 09:46:30.0837,5138.0,1,55.0,5137.75,9.0,5138.0,0.25,0.025000000000545697,6.111110432098841,Buy
2025-01-26 09:46:30.0958,5138.0,2,55.0,5137.75,8.0,5138.0,0.25,0.024999999999636202,6.874999140625108,Buy
2025-01-26 09:46:30.0958,5138.0,1,55.0,5137.75,5.0,5138.0,0.25,0.025000000000545697,10.99999780000044,Buy
2025-01-26 09:46:30.0960,5138.0,1,55.0,5137.75,5.0,5138.0,0.25,0.024999999999636202,10.99999780000044,Buy
2025-01-26 09:46:30.0960,5138.0,2,55.0,5137.75,2.0,5138.0,0.25,0.024999999999636202,27.499986250006874,Buy
2025-01-26 09:46:30.0961,5138.0,2,56.0,5137.75,2.0,5138.0,0.25,0.025000000000545697,27.999986000007,Buy
2025-01-26 09:46:30.8275,5138.25,1,44.0,5138.0,46.0,5138.25,0.25,0.0500000000001819,0.9565217183364845,Hold
2025-01-26 09:46:30.9869,5138.25,1,46.0,5138.0,45.0,5138.25,0.25,0.049999999999272404,1.0222221995061733,Buy
2025-01-26 09:46:30.9994,5138.25,3,56.0,5138.0,23.0,5138.25,0.25,0.0500000000001819,2.434782502835543,Buy
2025-01-26 09:46:30.9997,5138.25,7,56.0,5138.0,19.0,5138.25,0.25,0.025000000000545697,2.947368265927986,Buy
2025-01-26 09:46:30.9998,5138.25,7,56.0,5138.0,12.0,5138.25,0.25,0.024999999999636202,4.666666277777811,Buy
2025-01-26 09:46:30.9998,5138.25,2,56.0,5138.0,3.0,5138.25,0.25,0.024999999999636202,18.666660444446517,Buy
2025-01-26 09:46:30.9999,5138.25,1,58.0,5138.0,2.0,5138.25,0.25,0.025000000000545697,28.99998550000725,Buy
2025-01-26 09:46:30.9999,5138.25,2,58.0,5138.0,63.0,5138.5,0.5,0.024999999999636202,0.9206349060216682,Hold
2025-01-26 09:46:31.0001,5138.25,1,59.0,5138.0,12.0,5138.25,0.25,0.025000000000545697,4.916666256944479,Buy
2025-01-26 09:46:31.0081,5138.25,2,52.0,5138.0,7.0,5138.25,0.25,0.024999999999636202,7.42857036734709,Buy
2025-01-26 09:46:31.0083,5138.25,3,52.0,5138.0,3.0,5138.25,0.25,0.0,17.33332755555748,Hold
2025-01-26 09:46:31.0594,5138.5,1,44.0,5138.25,52.0,5138.5,0.25,0.024999999999636202,0.8461538298816571,Hold
2025-01-26 09:46:31.3391,5138.5,1,47.0,5138.25,36.0,5138.5,0.25,0.025000000000545697,1.3055555192901245,Buy
2025-01-26 09:46:31.3391,5138.5,2,47.0,5138.25,33.0,5138.5,0.25,0.024999999999636202,1.4242423810835643,Buy
2025-01-26 09:46:31.3392,5138.5,1,47.0,5138.25,31.0,5138.5,0.25,0.025000000000545697,1.516128983350678,Buy
2025-01-26 09:46:31.3393,5138.5,2,47.0,5138.25,30.0,5138.5,0.25,0.024999999999636202,1.566666614444446,Buy
2025-01-26 09:46:31.3393,5138.5,1,47.0,5138.25,22.0,5138.5,0.25,0.024999999999636202,2.1363635392562026,Buy
2025-01-26 09:46:31.3394,5138.5,7,47.0,5138.25,22.0,5138.5,0.25,0.025000000000545697,2.1363635392562026,Buy
2025-01-26 09:46:31.3395,5138.5,1,51.0,5138.25,11.0,5138.5,0.25,0.024999999999636202,4.636363214876072,Buy
2025-01-26 09:46:31.3395,5138.5,1,52.0,5138.25,11.0,5138.5,0.25,0.025000000000545697,4.727272297520701,Buy
2025-01-26 09:46:31.3396,5138.5,3,52.0,5138.25,8.0,5138.5,0.25,0.024999999999636202,6.499999187500102,Buy
2025-01-26 09:46:31.3396,5138.5,2,55.0,5138.25,6.0,5138.5,0.25,0.0,9.166665138889144,Hold
2025-01-26 09:46:31.3397,5138.5,2,55.0,5138.25,4.0,5138.5,0.25,0.0,13.74999656250086,Hold
2025-01-26 09:46:31.3397,5138.5,2,55.0,5138.25,2.0,5138.5,0.25,0.0,27.499986250006874,Hold
2025-01-26 09:46:31.3398,5138.5,3,1.0,5138.5,66.0,5138.75,0.25,0.0,0.015151514921946744,Hold
2025-01-26 09:46:31.3398,5138.5,1,56.0,5138.25,66.0,5138.75,0.5,0.0,0.8484848356290177,Hold
2025-01-26 09:46:31.3399,5138.5,1,58.0,5138.25,66.0,5138.75,0.5,0.0,0.8787878654729112,Hold
2025-01-26 09:46:31.3400,5138.5,1,58.0,5138.25,8.0,5138.5,0.25,0.0,7.249999093750114,Hold
2025-01-26 09:46:31.3401,5138.5,2,58.0,5138.25,7.0,5138.5,0.25,0.0,8.285713102040985,Hold
2025-01-26 09:46:31.3404,5138.5,1,65.0,5138.25,17.0,5138.5,0.25,0.0,3.823529186851224,Hold
2025-01-26 09:46:31.3433,5138.5,1,66.0,5138.25,11.0,5138.5,0.25,0.0,5.999999454545504,Hold
2025-01-26 09:46:31.3435,5138.5,1,66.0,5138.25,5.0,5138.5,0.25,0.0,13.199997360000527,Hold
2025-01-26 09:46:31.3489,5138.5,1,65.0,5138.25,1.0,5138.5,0.25,0.0,64.99993500006501,Hold
2025-01-26 09:46:31.3498,5138.5,6,11.0,5138.5,61.0,5138.75,0.25,0.0,0.1803278658962645,Hold
2025-01-26 09:46:31.3500,5138.5,2,5.0,5138.5,61.0,5138.75,0.25,0.0,0.08196721177102932,Hold
2025-01-26 09:46:31.3501,5138.5,1,2.0,5138.5,61.0,5138.75,0.25,0.0,0.03278688470841173,Hold
2025-01-26 09:46:31.3501,5138.5,2,71.0,5138.25,3.0,5138.5,0.25,0.0,23.666658777780405,Hold
2025-01-26 09:46:31.4415,5138.5,1,69.0,5138.25,10.0,5138.5,0.25,0.0,6.899999310000069,Hold
2025-01-26 09:46:31.4417,5138.5,2,69.0,5138.25,4.0,5138.5,0.25,0.0,17.249995687501077,Hold
2025-01-26 09:46:31.4418,5138.5,2,1.0,5138.5,67.0,5138.75,0.25,0.0,0.0149253729115616,Hold
2025-01-26 09:46:31.4420,5138.5,1,69.0,5138.25,67.0,5138.75,0.5,0.0,1.0298507308977503,Hold
2025-01-26 09:46:31.4421,5138.5,1,69.0,5138.25,7.0,5138.5,0.25,0.0,9.857141448979792,Hold
2025-01-26 09:46:31.4497,5138.5,2,69.0,5138.25,7.0,5138.5,0.25,0.0,9.857141448979792,Hold
2025-01-26 09:46:31.4498,5138.5,3,69.0,5138.25,2.0,5138.5,0.25,0.0,34.49998275000862,Hold
2025-01-26 09:46:31.4498,5138.5,2,2.0,5138.5,62.0,5138.75,0.25,0.0,0.03225806399583768,Hold
2025-01-26 09:46:31.6476,5138.5,10,24.0,5138.5,66.0,5138.75,0.25,0.0,0.36363635812672185,Hold
2025-01-26 09:46:31.6477,5138.5,1,12.0,5138.5,66.0,5138.75,0.25,0.0,0.18181817906336092,Hold
2025-01-26 09:46:31.6477,5138.5,1,11.0,5138.5,66.0,5138.75,0.25,0.0,0.16666666414141418,Hold
2025-01-26 09:46:31.6478,5138.5,11,11.0,5138.5,66.0,5138.75,0.25,0.0,0.16666666414141418,Hold
2025-01-26 09:46:31.6565,5138.5,8,68.0,5138.25,8.0,5138.5,0.25,0.0,8.499998937500134,Hold
2025-01-26 09:46:32.0452,5138.75,1,30.0,5138.5,63.0,5138.75,0.25,0.024999999999636202,0.47619046863189735,Hold
2025-01-26 09:46:32.0452,5138.75,2,30.0,5138.5,60.0,5138.75,0.25,0.025000000000545697,0.4999999916666668,Hold
2025-01-26 09:46:32.0709,5138.75,1,37.0,5138.5,49.0,5138.75,0.25,0.024999999999636202,0.7551020254060812,Hold
2025-01-26 09:46:33.0197,5138.75,1,49.0,5138.5,37.0,5138.75,0.25,0.025000000000545697,1.324324288531776,Buy
2025-01-26 09:46:33.1168,5138.5,1,49.0,5138.5,37.0,5138.75,0.25,0.0,1.324324288531776,Hold
2025-01-26 09:46:33.6303,5138.75,1,63.0,5138.5,26.0,5138.75,0.25,0.024999999999636202,2.4230768298816603,Buy
2025-01-26 09:46:33.6305,5138.75,1,63.0,5138.5,22.0,5138.75,0.25,0.024999999999636202,2.8636362334710803,Buy
2025-01-26 09:46:33.6386,5138.75,2,64.0,5138.5,18.0,5138.75,0.25,0.025000000000545697,3.5555553580247024,Buy
2025-01-26 09:46:33.6390,5138.75,16,64.0,5138.5,16.0,5138.75,0.25,0.024999999999636202,3.9999997500000153,Buy
2025-01-26 09:46:33.6395,5138.75,1,7.0,5138.75,120.0,5139.0,0.25,0.025000000000545697,0.058333332847222225,Hold
2025-01-26 09:46:33.6396,5138.75,3,6.0,5138.75,119.0,5139.0,0.25,0.0,0.050420167643528004,Hold
2025-01-26 09:46:33.6396,5138.75,1,3.0,5138.75,119.0,5139.0,0.25,0.0,0.025210083821764002,Hold
2025-01-26 09:46:33.6396,5138.75,2,3.0,5138.75,119.0,5139.0,0.25,0.0,0.025210083821764002,Hold
2025-01-26 09:46:33.6398,5138.75,1,66.0,5138.5,4.0,5138.75,0.25,0.0,16.49999587500103,Hold
2025-01-26 09:46:33.6403,5138.75,2,65.0,5138.5,10.0,5138.75,0.25,0.024999999999636202,6.499999350000065,Buy
2025-01-26 09:46:33.6404,5138.75,3,65.0,5138.5,1.0,5138.75,0.25,0.0,64.99993500006501,Hold
2025-01-26 09:46:33.6404,5138.75,1,65.0,5138.5,1.0,5138.75,0.25,0.0,64.99993500006501,Hold
2025-01-26 09:46:33.6404,5138.75,2,65.0,5138.5,1.0,5138.75,0.25,0.0,64.99993500006501,Hold
2025-01-26 09:46:33.6405,5138.75,1,1.0,5138.75,119.0,5139.0,0.25,0.0,0.008403361273921333,Hold
2025-01-26 09:46:33.6406,5138.75,1,66.0,5138.5,119.0,5139.0,0.5,0.0,0.554621844078808,Hold
2025-01-26 09:46:33.6470,5138.75,2,67.0,5138.5,7.0,5138.75,0.25,0.0,9.571427204081829,Hold
2025-01-26 09:46:33.6473,5138.75,2,8.0,5138.75,118.0,5139.0,0.25,0.0,0.06779660959494399,Hold
2025-01-26 09:46:33.6475,5138.75,2,2.0,5138.75,115.0,5139.0,0.25,0.0,0.017391304196597356,Hold
2025-01-26 09:46:33.6530,5138.75,1,68.0,5138.5,13.0,5138.75,0.25,0.0,5.2307688284023985,Hold
2025-01-26 09:46:33.6969,5138.75,5,67.0,5138.5,23.0,5138.75,0.25,0.0,2.913043351606811,Hold
2025-01-26 09:46:33.7448,5138.75,1,67.0,5138.5,8.0,5138.75,0.25,0.0,8.374998953125132,Hold
2025-01-26 09:46:33.7448,5138.75,2,67.0,5138.5,5.0,5138.75,0.25,0.0,13.399997320000535,Hold
2025-01-26 09:46:33.7448,5138.75,1,67.0,5138.5,5.0,5138.75,0.25,0.0,13.399997320000535,Hold
2025-01-26 09:46:33.7449,5138.75,1,67.0,5138.5,2.0,5138.75,0.25,0.0,33.49998325000837,Hold
2025-01-26 09:46:33.7449,5138.75,1,67.0,5138.5,2.0,5138.75,0.25,0.0,33.49998325000837,Hold
2025-01-26 09:46:33.7450,5138.75,1,67.0,5138.5,1.0,5138.75,0.25,0.0,66.999933000067,Hold
2025-01-26 09:46:33.7555,5138.75,6,9.0,5138.75,115.0,5139.0,0.25,0.0,0.0782608688846881,Hold
2025-01-26 09:46:33.7555,5138.75,2,3.0,5138.75,115.0,5139.0,0.25,0.0,0.026086956294896033,Hold
2025-01-26 09:46:33.9495,5138.75,5,71.0,5138.5,5.0,5138.75,0.25,0.0,14.199997160000567,Hold
2025-01-26 09:46:33.9498,5138.75,1,18.0,5138.75,115.0,5139.0,0.25,0.0,0.1565217377693762,Hold
2025-01-26 09:46:34.1246,5138.75,2,6.0,5138.75,117.0,5139.0,0.25,0.0,0.051282050843743154,Hold
2025-01-26 09:46:34.1247,5138.75,4,70.0,5138.5,117.0,5139.0,0.5,0.0,0.5982905931770035,Hold
2025-01-26 09:46:34.1250,5138.75,1,72.0,5138.5,6.0,5138.75,0.25,0.0,11.999998000000334,Hold
2025-01-26 09:46:34.1252,5138.75,4,72.0,5138.5,4.0,5138.75,0.25,0.0,17.999995500001123,Hold
2025-01-26 09:46:34.1256,5138.75,1,1.0,5138.75,115.0,5139.0,0.25,0.0,0.008695652098298678,Hold
2025-01-26 09:46:34.1259,5138.75,1,70.0,5138.5,9.0,5138.75,0.25,0.0,7.777776913580343,Hold
2025-01-26 09:46:34.1261,5138.75,1,70.0,5138.5,1.0,5138.75,0.25,0.0,69.99993000007001,Hold
2025-01-26 09:46:34.1265,5138.75,1,1.0,5138.75,115.0,5139.0,0.25,0.0,0.008695652098298678,Hold
2025-01-26 09:46:34.1295,5138.75,1,70.0,5138.5,1.0,5138.75,0.25,0.0,69.99993000007001,Hold
2025-01-26 09:46:34.2403,5138.75,1,1.0,5138.75,115.0,5139.0,0.25,0.0,0.008695652098298678,Hold
2025-01-26 09:46:34.2406,5138.75,1,72.0,5138.5,5.0,5138.75,0.25,0.0,14.399997120000576,Hold
2025-01-26 09:46:34.2408,5138.75,1,72.0,5138.5,115.0,5139.0,0.5,0.0,0.6260869510775048,Hold
2025-01-26 09:46:34.2410,5138.75,1,6.0,5138.75,115.0,5139.0,0.25,0.0,0.052173912589792065,Hold
2025-01-26 09:46:34.2411,5138.75,1,4.0,5138.75,115.0,5139.0,0.25,0.0,0.03478260839319471,Hold
2025-01-26 09:46:34.2412,5138.75,4,4.0,5138.75,115.0,5139.0,0.25,0.0,0.03478260839319471,Hold
2025-01-26 09:46:34.2415,5138.75,1,69.0,5138.5,7.0,5138.75,0.25,0.0,9.857141448979792,Hold
2025-01-26 09:46:34.4807,5138.75,2,59.0,5138.5,43.0,5138.75,0.25,0.0,1.3720929913466746,Hold
2025-01-26 09:46:34.4807,5138.75,2,59.0,5138.5,37.0,5138.75,0.25,0.0,1.5945945514974447,Hold
2025-01-26 09:46:34.4808,5138.75,10,59.0,5138.5,37.0,5138.75,0.25,0.0,1.5945945514974447,Hold
2025-01-26 09:46:34.4810,5138.75,1,59.0,5138.5,18.0,5138.75,0.25,0.0,3.2777775956790225,Hold
2025-01-26 09:46:34.4810,5138.75,3,59.0,5138.5,18.0,5138.75,0.25,0.0,3.2777775956790225,Hold
2025-01-26 09:46:34.4810,5138.75,1,59.0,5138.5,11.0,5138.75,0.25,0.0,5.363635876033102,Hold
2025-01-26 09:46:34.4811,5138.75,1,60.0,5138.5,9.0,5138.75,0.25,0.0,6.666665925926009,Hold
2025-01-26 09:46:34.4811,5138.75,1,60.0,5138.5,8.0,5138.75,0.25,0.0,7.499999062500118,Hold
2025-01-26 09:46:34.4812,5138.75,1,61.0,5138.5,7.0,5138.75,0.25,0.0,8.714284469387932,Hold
2025-01-26 09:46:34.8970,5138.5,9,36.0,5138.5,49.0,5138.75,0.25,-0.024999999999636202,0.7346938625572681,Sell
2025-01-26 09:46:34.8971,5138.5,1,27.0,5138.5,49.0,5138.75,0.25,-0.025000000000545697,0.5510203969179511,Sell
2025-01-26 09:46:34.8972,5138.5,9,26.0,5138.5,49.0,5138.75,0.25,-0.024999999999636202,0.5306122340691382,Sell
2025-01-26 09:46:34.8973,5138.5,17,17.0,5138.5,49.0,5138.75,0.25,-0.025000000000545697,0.3469387684298211,Sell
2025-01-26 09:46:34.8978,5138.5,1,74.0,5138.25,5.0,5138.5,0.25,-0.024999999999636202,14.799997040000592,Hold
2025-01-26 09:46:34.9060,5138.5,1,74.0,5138.25,3.0,5138.5,0.25,-0.024999999999636202,24.666658444447183,Hold
2025-01-26 09:46:34.9063,5138.5,2,74.0,5138.25,2.0,5138.5,0.25,-0.025000000000545697,36.99998150000925,Hold
2025-01-26 09:46:35.0435,5138.5,1,14.0,5138.5,51.0,5138.75,0.25,-0.024999999999636202,0.2745097985390236,Sell
2025-01-26 09:46:35.0439,5138.5,1,11.0,5138.5,52.0,5138.75,0.25,-0.025000000000545697,0.21153845747041428,Sell
2025-01-26 09:46:35.0442,5138.5,1,9.0,5138.5,52.0,5138.75,0.25,-0.024999999999636202,0.17307691974852077,Sell
2025-01-26 09:46:35.0444,5138.5,7,8.0,5138.5,53.0,5138.75,0.25,0.0,0.15094339337842655,Hold
2025-01-26 09:46:35.0445,5138.5,1,1.0,5138.5,53.0,5138.75,0.25,0.0,0.01886792417230332,Hold
2025-01-26 09:46:35.3216,5138.25,1,63.0,5138.25,20.0,5138.5,0.25,-0.024999999999636202,3.1499998425000078,Hold
2025-01-26 09:46:35.5872,5138.25,1,63.0,5138.25,24.0,5138.5,0.25,-0.025000000000545697,2.6249998906250043,Hold
2025-01-26 09:46:35.6671,5138.25,1,63.0,5138.25,23.0,5138.5,0.25,-0.024999999999636202,2.739130315689986,Hold
2025-01-26 09:46:35.7570,5138.5,3,66.0,5138.25,9.0,5138.5,0.25,0.0,7.33333251851861,Hold
2025-01-26 09:46:35.7572,5138.5,1,67.0,5138.25,6.0,5138.5,0.25,0.0,11.166664805555865,Hold
2025-01-26 09:46:35.7572,5138.5,1,67.0,5138.25,5.0,5138.5,0.25,0.0,13.399997320000535,Hold
2025-01-26 09:46:35.7574,5138.5,1,68.0,5138.25,4.0,5138.5,0.25,0.0,16.999995750001062,Hold
2025-01-26 09:46:35.8247,5138.5,1,63.0,5138.25,19.0,5138.5,0.25,0.0,3.315789299168984,Hold
2025-01-26 09:46:35.8342,5138.25,1,62.0,5138.25,18.0,5138.5,0.25,-0.025000000000545697,3.4444442530864303,Hold
2025-01-26 09:46:36.5231,5138.5,1,63.0,5138.25,27.0,5138.5,0.25,0.0,2.3333332469135835,Hold
2025-01-26 09:46:36.9199,5138.5,1,49.0,5138.25,55.0,5138.5,0.25,0.025000000000545697,0.8909090747107441,Hold
2025-01-26 09:46:36.9200,5138.5,1,55.0,5138.25,52.0,5138.5,0.25,0.024999999999636202,1.0576922873520715,Buy
2025-01-26 09:46:36.9200,5138.5,1,55.0,5138.25,49.0,5138.5,0.25,0.025000000000545697,1.1224489566847153,Buy
2025-01-26 09:46:36.9242,5138.5,3,52.0,5138.25,41.0,5138.5,0.25,0.0,1.2682926519928621,Hold
2025-01-26 09:46:37.4630,5138.25,1,49.0,5138.25,46.0,5138.5,0.25,-0.025000000000545697,1.0652173681474486,Hold
2025-01-26 09:46:37.4747,5138.25,1,48.0,5138.25,46.0,5138.5,0.25,-0.024999999999636202,1.0434782381852556,Hold
2025-01-26 09:46:37.6059,5138.25,1,37.0,5138.25,48.0,5138.5,0.25,-0.025000000000545697,0.7708333172743059,Sell
2025-01-26 09:46:37.7640,5138.25,1,41.0,5138.25,49.0,5138.5,0.25,-0.024999999999636202,0.8367346768013332,Sell
2025-01-26 09:46:37.7896,5138.5,5,69.0,5138.25,10.0,5138.5,0.25,0.024999999999636202,6.899999310000069,Buy
2025-01-26 09:46:37.7897,5138.5,1,69.0,5138.25,5.0,5138.5,0.25,0.0,13.799997240000552,Hold
2025-01-26 09:46:37.7898,5138.5,2,70.0,5138.25,2.0,5138.5,0.25,0.0,34.99998250000875,Hold
2025-01-26 09:46:37.7898,5138.5,3,70.0,5138.25,2.0,5138.5,0.25,0.0,34.99998250000875,Hold
2025-01-26 09:46:38.2987,5138.5,1,35.0,5138.5,40.0,5138.75,0.25,0.0,0.8749999781250006,Hold
2025-01-26 09:46:38.7462,5138.5,1,20.0,5138.5,55.0,5138.75,0.25,0.0,0.3636363570247935,Hold
2025-01-26 09:46:38.8894,5138.5,1,47.0,5138.5,43.0,5138.75,0.25,0.025000000000545697,1.0930232303948086,Buy
2025-01-26 09:46:38.9521,5138.5,1,38.0,5138.5,45.0,5138.75,0.25,0.024999999999636202,0.8444444256790128,Hold
2025-01-26 09:46:39.1412,5138.75,2,50.0,5138.5,13.0,5138.75,0.25,0.0500000000001819,3.846153550295881,Buy
2025-01-26 09:46:39.1413,5138.75,2,50.0,5138.5,9.0,5138.75,0.25,0.0500000000001819,5.555554938271674,Buy
2025-01-26 09:46:39.1413,5138.75,1,51.0,5138.5,8.0,5138.75,0.25,0.024999999999636202,6.374999203125101,Buy
2025-01-26 09:46:39.1414,5138.75,1,51.0,5138.5,7.0,5138.75,0.25,0.025000000000545697,7.2857132448981075,Buy
2025-01-26 09:46:39.1420,5138.75,4,51.0,5138.5,118.0,5139.0,0.5,0.024999999999636202,0.43220338616776793,Hold
2025-01-26 09:46:39.1420,5138.75,2,51.0,5138.5,118.0,5139.0,0.5,0.024999999999636202,0.43220338616776793,Hold
2025-01-26 09:46:39.1420,5138.75,1,51.0,5138.5,118.0,5139.0,0.5,0.025000000000545697,0.43220338616776793,Hold
2025-01-26 09:46:39.1477,5139.0,1,62.0,5138.75,108.0,5139.0,0.25,0.0500000000001819,0.5740740687585735,Hold
2025-01-26 09:46:39.1477,5139.0,3,62.0,5138.75,108.0,5139.0,0.25,0.049999999999272404,0.5740740687585735,Hold
2025-01-26 09:46:39.1477,5139.0,1,62.0,5138.75,108.0,5139.0,0.25,0.0500000000001819,0.5740740687585735,Hold
2025-01-26 09:46:39.1477,5139.0,4,62.0,5138.75,108.0,5139.0,0.25,0.025000000000545697,0.5740740687585735,Hold
2025-01-26 09:46:39.1479,5139.0,1,62.0,5138.75,99.0,5139.0,0.25,0.024999999999636202,0.6262626199367413,Hold
2025-01-26 09:46:39.1580,5139.0,1,65.0,5138.75,97.0,5139.0,0.25,0.024999999999636202,0.6701030858752259,Hold
2025-01-26 09:46:39.1580,5139.0,2,65.0,5138.75,94.0,5139.0,0.25,0.025000000000545697,0.6914893543458579,Hold
2025-01-26 09:46:39.1669,5138.75,3,65.0,5138.75,95.0,5139.0,0.25,0.0,0.6842105191135736,Hold
2025-01-26 09:46:39.9102,5138.75,1,61.0,5138.75,99.0,5139.0,0.25,0.0,0.6161616099377615,Hold
2025-01-26 09:46:40.4380,5139.0,1,58.0,5138.75,101.0,5139.0,0.25,0.024999999999636202,0.5742574200568572,Hold
2025-01-26 09:46:40.7287,5138.75,16,48.0,5138.75,102.0,5139.0,0.25,-0.024999999999636202,0.47058823068050754,Sell
2025-01-26 09:46:40.7289,5138.75,2,32.0,5138.75,102.0,5139.0,0.25,-0.025000000000545697,0.3137254871203384,Sell
2025-01-26 09:46:40.7291,5138.75,4,17.0,5138.75,102.0,5139.0,0.25,-0.024999999999636202,0.16666666503267977,Sell
2025-01-26 09:46:40.7291,5138.75,8,17.0,5138.75,102.0,5139.0,0.25,-0.024999999999636202,0.16666666503267977,Sell
2025-01-26 09:46:40.7291,5138.75,1,17.0,5138.75,102.0,5139.0,0.25,-0.025000000000545697,0.16666666503267977,Sell
2025-01-26 09:46:40.7300,5138.75,2,66.0,5138.5,10.0,5138.75,0.25,-0.024999999999636202,6.599999340000067,Hold
2025-01-26 09:46:40.7300,5138.75,3,66.0,5138.5,10.0,5138.75,0.25,-0.025000000000545697,6.599999340000067,Hold
2025-01-26 09:46:40.7300,5138.75,1,66.0,5138.5,10.0,5138.75,0.25,0.0,6.599999340000067,Hold
2025-01-26 09:46:40.7300,5138.75,10,66.0,5138.5,10.0,5138.75,0.25,0.0,6.599999340000067,Hold
2025-01-26 09:46:40.7309,5138.75,3,1.0,5138.75,110.0,5139.0,0.25,-0.024999999999636202,0.009090909008264463,Sell
2025-01-26 09:46:40.7310,5138.75,1,1.0,5138.75,111.0,5139.0,0.25,0.0,0.009009008927846767,Hold
2025-01-26 09:46:40.7310,5138.75,1,66.0,5138.5,111.0,5139.0,0.5,0.0,0.5945945892378866,Hold
2025-01-26 09:46:40.7315,5138.75,1,10.0,5138.75,111.0,5139.0,0.25,0.0,0.09009008927846766,Hold
2025-01-26 09:46:40.7317,5138.75,7,67.0,5138.5,111.0,5139.0,0.5,0.0,0.6036035981657334,Hold
2025-01-26 09:46:40.7317,5138.75,2,67.0,5138.5,111.0,5139.0,0.5,0.0,0.6036035981657334,Hold
2025-01-26 09:46:40.7317,5138.75,1,67.0,5138.5,111.0,5139.0,0.5,0.0,0.6036035981657334,Hold
2025-01-26 09:46:40.7318,5138.75,1,69.0,5138.5,7.0,5138.75,0.25,0.0,9.857141448979792,Hold
2025-01-26 09:46:40.7369,5138.75,2,3.0,5138.75,111.0,5139.0,0.25,0.0,0.0270270267835403,Hold
2025-01-26 09:46:40.7369,5138.75,1,69.0,5138.5,111.0,5139.0,0.5,0.0,0.6216216160214268,Hold
2025-01-26 09:46:40.7381,5138.75,2,69.0,5138.5,2.0,5138.75,0.25,0.0,34.49998275000862,Hold
2025-01-26 09:46:40.7580,5138.75,6,14.0,5138.75,110.0,5139.0,0.25,0.0,0.1272727261157025,Hold
2025-01-26 09:46:40.7580,5138.75,3,3.0,5138.75,110.0,5139.0,0.25,0.0,0.02727272702479339,Hold
2025-01-26 09:46:40.7581,5138.75,1,67.0,5138.5,1.0,5138.75,0.25,0.0,66.999933000067,Hold
2025-01-26 09:46:40.7581,5138.75,2,67.0,5138.5,1.0,5138.75,0.25,0.0,66.999933000067,Hold
2025-01-26 09:46:40.7847,5138.75,11,69.0,5138.5,11.0,5138.75,0.25,0.0,6.272726702479391,Hold
2025-01-26 09:46:40.7850,5138.75,1,15.0,5138.75,110.0,5139.0,0.25,0.0,0.13636363512396696,Hold
2025-01-26 09:46:40.8094,5139.0,1,34.0,5138.75,110.0,5139.0,0.25,0.024999999999636202,0.3090909062809918,Hold
2025-01-26 09:46:40.8581,5139.0,1,36.0,5138.75,108.0,5139.0,0.25,0.025000000000545697,0.33333333024691364,Hold
2025-01-26 09:46:41.4519,5139.0,3,32.0,5138.75,101.0,5139.0,0.25,0.024999999999636202,0.3168316800313695,Hold
2025-01-26 09:46:41.4845,5139.0,1,42.0,5138.75,100.0,5139.0,0.25,0.025000000000545697,0.4199999958,Hold
2025-01-26 09:46:41.4991,5139.0,1,41.0,5138.75,99.0,5139.0,0.25,0.024999999999636202,0.41414140995816756,Hold
2025-01-26 09:46:41.5060,5139.0,1,43.0,5138.75,98.0,5139.0,0.25,0.024999999999636202,0.4387755057267806,Hold
2025-01-26 09:46:42.2259,5138.75,1,26.0,5138.75,120.0,5139.0,0.25,0.0,0.21666666486111114,Hold
2025-01-26 09:46:42.2259,5138.75,5,20.0,5138.75,120.0,5139.0,0.25,0.0,0.1666666652777778,Hold
2025-01-26 09:46:42.2260,5138.75,1,20.0,5138.75,120.0,5139.0,0.25,0.0,0.1666666652777778,Hold
2025-01-26 09:46:42.2262,5138.75,11,19.0,5138.75,120.0,5139.0,0.25,0.0,0.1583333320138889,Hold
2025-01-26 09:46:42.2265,5138.75,1,68.0,5138.5,7.0,5138.75,0.25,-0.024999999999636202,9.71428432653081,Hold
2025-01-26 09:46:42.2898,5138.75,1,66.0,5138.5,8.0,5138.75,0.25,-0.024999999999636202,8.24999896875013,Hold
2025-01-26 09:46:42.4622,5138.5,4,48.0,5138.5,48.0,5138.75,0.25,-0.0500000000001819,0.9999999791666672,Sell
2025-01-26 09:46:42.7897,5138.75,2,37.0,5138.5,43.0,5138.75,0.25,-0.025000000000545697,0.8604650962682536,Sell
2025-01-26 09:46:43.0478,5138.5,1,36.0,5138.5,45.0,5138.75,0.25,-0.049999999999272404,0.7999999822222227,Sell
2025-01-26 09:46:43.2311,5138.5,2,30.0,5138.5,54.0,5138.75,0.25,-0.0500000000001819,0.55555554526749,Sell
2025-01-26 09:46:43.2311,5138.5,3,28.0,5138.5,54.0,5138.75,0.25,-0.025000000000545697,0.5185185089163239,Sell
2025-01-26 09:46:43.2312,5138.5,4,21.0,5138.5,54.0,5138.75,0.25,-0.024999999999636202,0.38888888168724295,Sell
2025-01-26 09:46:43.2312,5138.5,1,20.0,5138.5,54.0,5138.75,0.25,-0.024999999999636202,0.37037036351166,Sell
2025-01-26 09:46:43.2313,5138.5,5,15.0,5138.5,54.0,5138.75,0.25,-0.025000000000545697,0.277777772633745,Sell
2025-01-26 09:46:43.2314,5138.5,4,8.0,5138.5,54.0,5138.75,0.25,-0.024999999999636202,0.14814814540466398,Sell
2025-01-26 09:46:43.2315,5138.5,2,2.0,5138.5,55.0,5138.75,0.25,-0.025000000000545697,0.03636363570247935,Sell
2025-01-26 09:46:43.2315,5138.5,1,1.0,5138.5,55.0,5138.75,0.25,0.0,0.018181817851239675,Hold
2025-01-26 09:46:43.2316,5138.5,1,55.0,5138.25,2.0,5138.5,0.25,-0.024999999999636202,27.499986250006874,Hold
2025-01-26 09:46:43.7728,5138.25,6,31.0,5138.25,41.0,5138.5,0.25,-0.024999999999636202,0.7560975425342064,Sell
2025-01-26 09:46:43.7728,5138.25,5,20.0,5138.25,41.0,5138.5,0.25,-0.025000000000545697,0.48780486615110086,Sell
2025-01-26 09:46:43.7729,5138.25,2,13.0,5138.25,41.0,5138.5,0.25,-0.024999999999636202,0.31707316299821553,Sell
2025-01-26 09:46:43.7730,5138.25,8,12.0,5138.25,41.0,5138.5,0.25,-0.025000000000545697,0.2926829196906605,Sell
2025-01-26 09:46:43.7895,5138.25,4,51.0,5138.0,9.0,5138.25,0.25,-0.024999999999636202,5.666666037037108,Hold
2025-01-26 09:46:43.7897,5138.25,5,51.0,5138.0,5.0,5138.25,0.25,-0.024999999999636202,10.199997960000408,Hold
2025-01-26 09:46:43.7903,5138.25,19,27.0,5138.25,51.0,5138.5,0.25,-0.025000000000545697,0.5294117543252598,Sell
2025-01-26 09:46:43.7905,5138.25,1,6.0,5138.25,49.0,5138.5,0.25,-0.024999999999636202,0.12244897709287803,Sell
2025-01-26 09:46:44.7322,5138.25,1,50.0,5138.25,28.0,5138.5,0.25,-0.025000000000545697,1.7857142219387778,Hold
2025-01-26 09:46:45.0859,5138.5,1,42.0,5138.25,38.0,5138.5,0.25,0.0,1.105263128808865,Hold
2025-01-26 09:46:45.1898,5138.25,5,20.0,5138.25,54.0,5138.5,0.25,0.0,0.37037036351166,Hold
2025-01-26 09:46:45.1899,5138.25,2,9.0,5138.25,54.0,5138.5,0.25,0.0,0.16666666358024698,Hold
2025-01-26 09:46:45.1899,5138.25,2,7.0,5138.25,54.0,5138.5,0.25,0.0,0.12962962722908097,Hold
2025-01-26 09:46:45.1900,5138.25,2,5.0,5138.25,54.0,5138.5,0.25,0.0,0.092592590877915,Hold
2025-01-26 09:46:45.1900,5138.25,1,4.0,5138.25,55.0,5138.5,0.25,0.0,0.0727272714049587,Hold
2025-01-26 09:46:45.1901,5138.25,1,3.0,5138.25,55.0,5138.5,0.25,0.0,0.05454545355371903,Hold
2025-01-26 09:46:45.1901,5138.25,3,68.0,5138.0,2.0,5138.25,0.25,0.0,33.9999830000085,Hold
2025-01-26 09:46:45.1908,5138.25,16,67.0,5138.0,16.0,5138.25,0.25,0.0,4.187499738281266,Hold
2025-01-26 09:46:45.1908,5138.25,1,2.0,5138.25,58.0,5138.5,0.25,0.0,0.03448275802615935,Hold
2025-01-26 09:46:45.1910,5138.25,4,16.0,5138.25,58.0,5138.5,0.25,-0.024999999999636202,0.2758620642092748,Sell
2025-01-26 09:46:45.1913,5138.25,8,8.0,5138.25,58.0,5138.5,0.25,0.0,0.1379310321046374,Hold
2025-01-26 09:46:45.1915,5138.25,1,4.0,5138.25,58.0,5138.5,0.25,0.0,0.0689655160523187,Hold
2025-01-26 09:46:45.1916,5138.25,2,2.0,5138.25,58.0,5138.5,0.25,0.0,0.03448275802615935,Hold
2025-01-26 09:46:45.1916,5138.25,1,2.0,5138.25,58.0,5138.5,0.25,0.0,0.03448275802615935,Hold
2025-01-26 09:46:45.1916,5138.25,1,67.0,5138.0,6.0,5138.25,0.25,0.0,11.166664805555865,Hold
2025-01-26 09:46:45.4670,5138.25,1,60.0,5138.0,7.0,5138.25,0.25,0.0,8.57142734693895,Hold
2025-01-26 09:46:45.4671,5138.25,5,60.0,5138.0,1.0,5138.25,0.25,0.0,59.99994000006001,Hold
2025-01-26 09:46:45.4671,5138.25,1,60.0,5138.0,63.0,5138.5,0.5,0.0,0.9523809372637947,Hold
2025-01-26 09:46:45.4685,5138.25,10,11.0,5138.25,63.0,5138.5,0.25,0.0,0.17460317183169569,Hold
2025-01-26 09:46:45.4687,5138.25,1,1.0,5138.25,58.0,5138.5,0.25,0.0,0.017241379013079674,Hold
2025-01-26 09:46:45.4752,5138.25,4,69.0,5138.0,4.0,5138.25,0.25,0.0,17.249995687501077,Hold
2025-01-26 09:46:45.5489,5138.25,4,12.0,5138.25,58.0,5138.5,0.25,0.0,0.20689654815695607,Hold
2025-01-26 09:46:45.5489,5138.25,2,8.0,5138.25,58.0,5138.5,0.25,0.0,0.1379310321046374,Hold
2025-01-26 09:46:45.5491,5138.25,4,4.0,5138.25,58.0,5138.5,0.25,0.0,0.0689655160523187,Hold
2025-01-26 09:46:45.5494,5138.25,1,69.0,5138.0,14.0,5138.25,0.25,0.0,4.928571076530638,Hold
2025-01-26 09:46:45.5496,5138.25,5,69.0,5138.0,7.0,5138.25,0.25,0.0,9.857141448979792,Hold
2025-01-26 09:46:45.9986,5138.25,25,55.0,5138.25,30.0,5138.5,0.25,0.0,1.8333332722222242,Hold
2025-01-26 09:46:46.7660,5138.25,1,38.0,5138.25,36.0,5138.5,0.25,0.0,1.0555555262345688,Hold
2025-01-26 09:46:46.8031,5138.25,3,14.0,5138.25,57.0,5138.5,0.25,0.0,0.24561403077870123,Hold
2025-01-26 09:46:46.8032,5138.25,1,11.0,5138.25,57.0,5138.5,0.25,0.0,0.1929824527546938,Hold
2025-01-26 09:46:46.8033,5138.25,9,10.0,5138.25,57.0,5138.5,0.25,0.0,0.17543859341335802,Hold
2025-01-26 09:46:46.8034,5138.25,1,69.0,5138.0,57.0,5138.5,0.5,0.0,1.2105262945521704,Hold
2025-01-26 09:46:46.8036,5138.25,2,69.0,5138.0,16.0,5138.25,0.25,0.0,4.312499730468766,Hold
2025-01-26 09:46:46.8037,5138.25,1,69.0,5138.0,15.0,5138.25,0.25,0.0,4.599999693333354,Hold
2025-01-26 09:46:46.8039,5138.25,12,69.0,5138.0,12.0,5138.25,0.25,0.0,5.749999520833374,Hold
2025-01-26 09:46:46.9729,5138.25,25,40.0,5138.25,32.0,5138.5,0.25,0.0,1.2499999609375012,Hold
2025-01-26 09:46:47.1082,5138.25,2,10.0,5138.25,59.0,5138.5,0.25,0.0,0.16949152255099115,Hold
2025-01-26 09:46:47.1084,5138.25,1,8.0,5138.25,59.0,5138.5,0.25,0.0,0.1355932180407929,Hold
2025-01-26 09:46:47.1085,5138.25,1,4.0,5138.25,59.0,5138.5,0.25,0.0,0.06779660902039646,Hold
2025-01-26 09:46:47.1087,5138.25,3,4.0,5138.25,60.0,5138.5,0.25,0.0,0.06666666555555557,Hold
2025-01-26 09:46:47.1089,5138.25,1,1.0,5138.25,60.0,5138.5,0.25,0.0,0.016666666388888893,Hold
2025-01-26 09:46:47.1093,5138.25,1,69.0,5138.0,1.0,5138.25,0.25,0.0,68.99993100006901,Hold
2025-01-26 09:46:47.8117,5138.25,1,10.0,5138.25,60.0,5138.5,0.25,0.0,0.16666666388888896,Hold
2025-01-26 09:46:48.4635,5138.25,45,52.0,5138.25,29.0,5138.5,0.25,0.0,1.7931033864447108,Hold
2025-01-26 09:46:48.4635,5137.5,36,52.0,5138.25,29.0,5138.5,0.25,-0.0749999999998181,1.7931033864447108,Hold
2025-01-26 09:46:48.4635,5138.0,67,52.0,5138.25,29.0,5138.5,0.25,-0.025000000000545697,1.7931033864447108,Hold
2025-01-26 09:46:48.4635,5137.75,52,52.0,5138.25,29.0,5138.5,0.25,-0.049999999999272404,1.7931033864447108,Hold
2025-01-26 09:46:48.4650,5138.25,1,1.0,5138.25,44.0,5138.5,0.25,0.0,0.022727272210743815,Hold
2025-01-26 09:46:48.4654,5137.75,2,35.0,5137.5,2.0,5137.75,0.25,-0.0500000000001819,17.499991250004374,Hold
2025-01-26 09:46:48.4664,5138.0,3,19.0,5137.75,9.0,5138.0,0.25,-0.025000000000545697,2.1111108765432363,Hold
2025-01-26 09:46:48.4666,5138.0,1,26.0,5137.75,5.0,5138.0,0.25,-0.024999999999636202,5.199998960000208,Hold
2025-01-26 09:46:48.4671,5138.0,2,41.0,5137.75,14.0,5138.0,0.25,-0.024999999999636202,2.92857121938777,Hold
2025-01-26 09:46:48.4672,5137.75,4,37.0,5137.75,15.0,5138.0,0.25,-0.0500000000001819,2.466666502222233,Hold
2025-01-26 09:46:48.4673,5138.0,3,39.0,5137.75,14.0,5138.0,0.25,-0.025000000000545697,2.7857140867347083,Hold
2025-01-26 09:46:48.4673,5138.0,2,39.0,5137.75,14.0,5138.0,0.25,0.0500000000001819,2.7857140867347083,Buy
2025-01-26 09:46:48.4674,5138.0,6,44.0,5137.75,6.0,5138.0,0.25,0.0,7.333332111111314,Hold
2025-01-26 09:46:48.4675,5138.0,3,44.0,5137.75,7.0,5138.0,0.25,0.025000000000545697,6.28571338775523,Buy
2025-01-26 09:46:48.4676,5138.0,1,1.0,5138.0,140.0,5138.25,0.25,-0.025000000000545697,0.007142857091836735,Sell
2025-01-26 09:46:48.4680,5138.0,1,8.0,5138.0,123.0,5138.25,0.25,0.025000000000545697,0.06504064987771829,Hold
2025-01-26 09:46:48.4682,5138.0,3,5.0,5138.0,123.0,5138.25,0.25,0.0,0.04065040617357393,Hold
2025-01-26 09:46:48.4682,5138.0,1,5.0,5138.0,123.0,5138.25,0.25,0.0,0.04065040617357393,Hold
2025-01-26 09:46:48.4684,5138.0,4,6.0,5138.0,122.0,5138.25,0.25,0.0,0.04918032746573502,Hold
2025-01-26 09:46:48.4684,5138.0,2,6.0,5138.0,122.0,5138.25,0.25,0.024999999999636202,0.04918032746573502,Hold
2025-01-26 09:46:48.4685,5138.0,1,51.0,5137.75,3.0,5138.0,0.25,0.0,16.99999433333522,Hold
2025-01-26 09:46:48.4687,5138.0,1,51.0,5137.75,2.0,5138.0,0.25,0.0,25.499987250006374,Hold
2025-01-26 09:46:48.4688,5138.0,1,48.0,5137.75,7.0,5138.0,0.25,0.0,6.85714187755116,Hold
2025-01-26 09:46:48.4689,5138.0,4,48.0,5137.75,62.0,5138.25,0.5,0.0,0.7741935359001043,Hold
2025-01-26 09:46:48.4689,5138.0,3,48.0,5137.75,62.0,5138.25,0.5,0.0,0.7741935359001043,Hold
2025-01-26 09:46:48.4691,5138.0,1,1.0,5138.0,58.0,5138.25,0.25,0.0,0.017241379013079674,Hold
2025-01-26 09:46:48.4745,5138.0,4,35.0,5138.0,59.0,5138.25,0.25,0.0,0.593220328928469,Hold
2025-01-26 09:46:48.5266,5138.0,1,32.0,5138.0,60.0,5138.25,0.25,0.0,0.5333333244444446,Hold
2025-01-26 09:46:48.5267,5138.0,1,27.0,5138.0,60.0,5138.25,0.25,0.0,0.44999999250000017,Hold
2025-01-26 09:46:48.5268,5138.0,1,25.0,5138.0,61.0,5138.25,0.25,0.0,0.40983605885514657,Hold
2025-01-26 09:46:48.5396,5138.0,1,25.0,5138.0,61.0,5138.25,0.25,0.0,0.40983605885514657,Hold
2025-01-26 09:46:48.5396,5138.0,1,23.0,5138.0,61.0,5138.25,0.25,0.0,0.3770491741467349,Hold
2025-01-26 09:46:48.5397,5138.0,2,21.0,5138.0,61.0,5138.25,0.25,0.0,0.34426228943832315,Hold
2025-01-26 09:46:48.5398,5138.0,1,21.0,5138.0,61.0,5138.25,0.25,0.0,0.34426228943832315,Hold
2025-01-26 09:46:48.5398,5138.0,1,20.0,5138.0,61.0,5138.25,0.25,0.0,0.3278688470841173,Hold
2025-01-26 09:46:48.5400,5138.0,17,20.0,5138.0,61.0,5138.25,0.25,0.0,0.3278688470841173,Hold
2025-01-26 09:46:48.5401,5138.0,1,58.0,5137.75,5.0,5138.0,0.25,0.0,11.599997680000463,Hold
2025-01-26 09:46:48.5527,5138.0,6,51.0,5137.75,33.0,5138.0,0.25,0.0,1.545454498622591,Hold
2025-01-26 09:46:48.5529,5138.0,1,56.0,5137.75,22.0,5138.0,0.25,0.0,2.545454429752071,Hold
2025-01-26 09:46:48.5530,5138.0,7,56.0,5137.75,20.0,5138.0,0.25,0.0,2.799999860000007,Hold
2025-01-26 09:46:48.5531,5138.0,3,56.0,5137.75,7.0,5138.0,0.25,0.0,7.99999885714302,Hold
2025-01-26 09:46:48.5531,5138.0,2,56.0,5137.75,7.0,5138.0,0.25,0.0,7.99999885714302,Hold
2025-01-26 09:46:48.5531,5138.0,1,56.0,5137.75,7.0,5138.0,0.25,0.0,7.99999885714302,Hold
2025-01-26 09:46:48.5532,5138.0,7,56.0,5137.75,57.0,5138.25,0.5,0.0,0.9824561231148049,Hold
2025-01-26 09:46:48.5534,5138.0,3,12.0,5138.0,57.0,5138.25,0.25,0.0,0.21052631209602962,Hold
2025-01-26 09:46:48.5535,5138.0,4,7.0,5138.0,57.0,5138.25,0.25,0.0,0.12280701538935061,Hold
2025-01-26 09:46:48.5535,5138.0,1,10.0,5138.0,57.0,5138.25,0.25,0.0,0.17543859341335802,Hold
2025-01-26 09:46:48.5536,5138.0,2,9.0,5138.0,57.0,5138.25,0.25,0.0,0.1578947340720222,Hold
2025-01-26 09:46:48.5537,5138.0,3,9.0,5138.0,58.0,5138.25,0.25,0.0,0.15517241111771707,Hold
2025-01-26 09:46:48.5537,5138.0,5,1.0,5138.0,58.0,5138.25,0.25,0.0,0.017241379013079674,Hold
2025-01-26 09:46:48.5538,5138.0,1,68.0,5137.75,58.0,5138.25,0.5,0.0,1.1724137728894177,Hold
2025-01-26 09:46:48.5578,5138.0,1,71.0,5137.75,13.0,5138.0,0.25,0.0,5.461538041420151,Hold
2025-01-26 09:46:48.5929,5138.0,6,71.0,5137.75,6.0,5138.0,0.25,0.0,11.833331361111439,Hold
2025-01-26 09:46:48.6891,5138.0,2,10.0,5138.0,55.0,5138.25,0.25,0.0,0.18181817851239676,Hold
2025-01-26 09:46:48.6893,5138.0,3,8.0,5138.0,55.0,5138.25,0.25,0.0,0.1454545428099174,Hold
2025-01-26 09:46:48.6893,5138.0,5,5.0,5138.0,55.0,5138.25,0.25,0.0,0.09090908925619838,Hold
2025-01-26 09:46:48.6897,5138.0,12,71.0,5137.75,12.0,5138.0,0.25,0.0,5.916666173611152,Hold
2025-01-26 09:46:48.7657,5138.0,2,8.0,5138.0,59.0,5138.25,0.25,0.0,0.1355932180407929,Hold
2025-01-26 09:46:48.7659,5138.0,4,6.0,5138.0,59.0,5138.25,0.25,0.0,0.10169491353059469,Hold
2025-01-26 09:46:48.8567,5138.0,1,63.0,5137.75,19.0,5138.0,0.25,0.0,3.315789299168984,Hold
2025-01-26 09:46:48.9248,5137.75,1,63.0,5137.75,22.0,5138.0,0.25,-0.024999999999636202,2.8636362334710803,Hold
2025-01-26 09:46:49.1675,5138.0,6,63.0,5137.75,21.0,5138.0,0.25,0.0,2.9999998571428637,Hold
2025-01-26 09:46:49.1677,5138.0,10,64.0,5137.75,15.0,5138.0,0.25,0.0,4.266666382222241,Hold
2025-01-26 09:46:49.1678,5138.0,2,65.0,5137.75,3.0,5138.0,0.25,0.0,21.66665944444685,Hold
2025-01-26 09:46:49.1678,5138.0,1,65.0,5137.75,3.0,5138.0,0.25,0.0,21.66665944444685,Hold
2025-01-26 09:46:49.1679,5138.0,2,65.0,5137.75,2.0,5138.0,0.25,0.0,32.49998375000812,Hold
2025-01-26 09:46:49.1682,5138.0,3,3.0,5138.0,61.0,5138.25,0.25,0.0,0.049180327062617595,Hold
2025-01-26 09:46:49.2927,5137.75,27,66.0,5137.75,27.0,5138.0,0.25,-0.025000000000545697,2.4444443539094682,Hold
2025-01-26 09:46:49.2933,5137.75,16,16.0,5137.75,52.0,5138.0,0.25,-0.024999999999636202,0.30769230177514806,Sell
2025-01-26 09:46:49.2937,5137.75,1,64.0,5137.5,22.0,5137.75,0.25,-0.025000000000545697,2.90909077685951,Hold
2025-01-26 09:46:49.2974,5137.75,21,71.0,5137.5,21.0,5137.75,0.25,0.0,3.380952219954656,Hold
2025-01-26 09:46:49.6015,5137.75,1,44.0,5137.75,45.0,5138.0,0.25,-0.024999999999636202,0.9777777560493832,Sell
2025-01-26 09:46:49.8414,5138.0,1,63.0,5137.75,19.0,5138.0,0.25,0.0,3.315789299168984,Hold
2025-01-26 09:46:50.1602,5138.0,1,55.0,5137.75,21.0,5138.0,0.25,0.0,2.6190474943310718,Hold
2025-01-26 09:46:50.1627,5138.0,5,62.0,5137.75,15.0,5138.0,0.25,0.0,4.133333057777796,Hold
2025-01-26 09:46:50.1628,5138.0,2,62.0,5137.75,8.0,5138.0,0.25,0.0,7.7499990312501215,Hold
2025-01-26 09:46:50.1628,5138.0,7,62.0,5137.75,1.0,5138.0,0.25,0.0,61.999938000062,Hold
2025-01-26 09:46:50.1629,5138.0,1,13.0,5138.0,60.0,5138.25,0.25,0.024999999999636202,0.21666666305555562,Hold
2025-01-26 09:46:50.1637,5138.0,10,22.0,5138.0,60.0,5138.25,0.25,0.025000000000545697,0.3666666605555557,Hold
2025-01-26 09:46:50.1637,5138.0,2,12.0,5138.0,60.0,5138.25,0.25,0.024999999999636202,0.19999999666666674,Hold
2025-01-26 09:46:50.1638,5138.0,5,7.0,5138.0,60.0,5138.25,0.25,0.025000000000545697,0.11666666472222226,Hold
2025-01-26 09:46:50.1638,5138.0,3,4.0,5138.0,60.0,5138.25,0.25,0.024999999999636202,0.06666666555555557,Hold
2025-01-26 09:46:50.1639,5138.0,1,2.0,5138.0,60.0,5138.25,0.25,0.0,0.03333333277777779,Hold
2025-01-26 09:46:50.1639,5138.0,1,1.0,5138.0,60.0,5138.25,0.25,0.0,0.016666666388888893,Hold
2025-01-26 09:46:50.1640,5138.0,1,61.0,5137.75,60.0,5138.25,0.5,0.0,1.0166666497222225,Hold
2025-01-26 09:46:50.1641,5138.0,1,3.0,5138.0,60.0,5138.25,0.25,0.0,0.049999999166666684,Hold
2025-01-26 09:46:50.1642,5138.0,1,59.0,5137.75,1.0,5138.0,0.25,0.0,58.999941000059,Hold
2025-01-26 09:46:50.1644,5138.0,1,59.0,5137.75,9.0,5138.0,0.25,0.0,6.5555548271605755,Hold
2025-01-26 09:46:50.1647,5138.0,2,60.0,5137.75,9.0,5138.0,0.25,0.0,6.666665925926009,Hold
2025-01-26 09:46:50.1649,5138.0,10,60.0,5137.75,7.0,5138.0,0.25,0.0,8.57142734693895,Hold
2025-01-26 09:46:50.1650,5138.0,2,5.0,5138.0,61.0,5138.25,0.25,0.0,0.08196721177102932,Hold
2025-01-26 09:46:50.2005,5138.0,1,15.0,5138.0,61.0,5138.25,0.25,0.0,0.24590163531308795,Hold
2025-01-26 09:46:50.2282,5138.0,4,11.0,5138.0,61.0,5138.25,0.25,0.0,0.1803278658962645,Hold
2025-01-26 09:46:50.2284,5138.0,1,2.0,5138.0,61.0,5138.25,0.25,0.0,0.03278688470841173,Hold
2025-01-26 09:46:50.2285,5138.0,1,1.0,5138.0,61.0,5138.25,0.25,0.0,0.016393442354205864,Hold
2025-01-26 09:46:50.2292,5138.0,1,62.0,5137.75,2.0,5138.0,0.25,0.0,30.99998450000775,Hold
2025-01-26 09:46:50.2293,5138.0,1,62.0,5137.75,61.0,5138.25,0.5,0.0,1.0163934259607637,Hold
2025-01-26 09:46:50.2671,5138.0,3,62.0,5137.75,8.0,5138.0,0.25,0.0,7.7499990312501215,Hold
2025-01-26 09:46:50.2673,5138.0,3,62.0,5137.75,4.0,5138.0,0.25,0.0,15.499996125000969,Hold
2025-01-26 09:46:50.2673,5138.0,1,5.0,5138.0,66.0,5138.25,0.25,0.0,0.07575757460973372,Hold
2025-01-26 09:46:50.2680,5138.0,1,1.0,5138.0,66.0,5138.25,0.25,0.0,0.015151514921946744,Hold
2025-01-26 09:46:50.3101,5138.0,1,1.0,5138.0,60.0,5138.25,0.25,0.0,0.016666666388888893,Hold
2025-01-26 09:46:50.4182,5137.75,1,59.0,5137.75,14.0,5138.0,0.25,-0.024999999999636202,4.214285413265328,Hold
2025-01-26 09:46:50.6636,5138.0,1,54.0,5137.75,6.0,5138.0,0.25,0.0,8.999998500000249,Hold
2025-01-26 09:46:50.6636,5138.0,1,54.0,5137.75,3.0,5138.0,0.25,0.0,17.999994000001998,Hold
2025-01-26 09:46:50.6637,5138.0,1,54.0,5137.75,2.0,5138.0,0.25,0.0,26.99998650000675,Hold
2025-01-26 09:46:50.6638,5138.0,1,54.0,5137.75,1.0,5138.0,0.25,0.0,53.999946000054,Hold
2025-01-26 09:46:50.6638,5138.0,3,54.0,5137.75,61.0,5138.25,0.5,0.0,0.8852458871271166,Hold
2025-01-26 09:46:50.6643,5138.0,2,4.0,5138.0,62.0,5138.25,0.25,0.0,0.06451612799167536,Hold
2025-01-26 09:46:50.6645,5138.0,1,2.0,5138.0,62.0,5138.25,0.25,0.0,0.03225806399583768,Hold
2025-01-26 09:46:51.1389,5138.0,1,48.0,5137.75,25.0,5138.0,0.25,0.0,1.919999923200003,Hold
2025-01-26 09:46:51.4529,5138.0,2,48.0,5137.75,37.0,5138.0,0.25,0.0,1.2972972622352092,Hold
2025-01-26 09:46:51.6980,5138.0,10,56.0,5137.75,10.0,5138.0,0.25,0.024999999999636202,5.599999440000056,Buy
2025-01-26 09:46:51.8058,5137.25,76,11.0,5138.0,63.0,5138.25,0.25,-0.0749999999998181,0.17460317183169569,Sell
2025-01-26 09:46:51.8058,5137.75,63,11.0,5138.0,63.0,5138.25,0.25,-0.025000000000545697,0.17460317183169569,Sell
2025-01-26 09:46:51.8058,5137.0,29,11.0,5138.0,63.0,5138.25,0.25,-0.0999999999994543,0.17460317183169569,Sell
2025-01-26 09:46:51.8058,5137.5,71,11.0,5138.0,63.0,5138.25,0.25,-0.0500000000001819,0.17460317183169569,Sell
2025-01-26 09:46:51.8058,5138.0,11,11.0,5138.0,63.0,5138.25,0.25,0.0,0.17460317183169569,Hold
2025-01-26 09:46:51.8080,5137.25,1,64.0,5137.0,2.0,5137.25,0.25,-0.0749999999998181,31.999984000008,Hold
2025-01-26 09:46:51.8081,5137.25,1,64.0,5137.0,1.0,5137.25,0.25,-0.0749999999998181,63.999936000064004,Hold
2025-01-26 09:46:51.8093,5137.5,1,28.0,5137.25,1.0,5137.5,0.25,-0.0500000000001819,27.999972000028002,Hold
2025-01-26 09:46:51.8098,5137.5,1,59.0,5137.25,24.0,5137.5,0.25,-0.0500000000001819,2.458333230902782,Hold
2025-01-26 09:46:51.8099,5137.5,1,59.0,5137.25,19.0,5137.5,0.25,-0.0500000000001819,3.105262994459842,Hold
2025-01-26 09:46:51.8100,5137.5,1,61.0,5137.25,17.0,5137.5,0.25,0.025000000000545697,3.588235083044995,Buy
2025-01-26 09:46:51.8101,5137.5,1,60.0,5137.25,13.0,5137.5,0.25,-0.025000000000545697,4.615384260355057,Hold
2025-01-26 09:46:51.8101,5137.5,2,61.0,5137.25,13.0,5137.5,0.25,0.0500000000001819,4.692307331360975,Buy
2025-01-26 09:46:51.8103,5137.5,1,60.0,5137.25,5.0,5137.5,0.25,0.0,11.99999760000048,Hold
2025-01-26 09:46:51.8103,5137.5,2,60.0,5137.25,5.0,5137.5,0.25,-0.0500000000001819,11.99999760000048,Hold
2025-01-26 09:46:51.8103,5137.5,5,60.0,5137.25,1.0,5137.5,0.25,0.025000000000545697,59.99994000006001,Buy
2025-01-26 09:46:51.8104,5137.5,1,60.0,5137.25,135.0,5137.75,0.5,0.024999999999636202,0.4444444411522634,Hold
2025-01-26 09:46:51.8106,5137.5,1,1.0,5137.5,128.0,5137.75,0.25,0.0,0.007812499938964845,Hold
2025-01-26 09:46:51.8107,5137.5,6,64.0,5137.25,44.0,5137.75,0.5,0.0,1.4545454214876041,Hold
2025-01-26 09:46:51.8110,5137.5,1,11.0,5137.5,37.0,5137.75,0.25,0.0,0.2972972892622354,Hold
2025-01-26 09:46:51.8144,5137.75,1,25.0,5137.5,48.0,5137.75,0.25,0.024999999999636202,0.5208333224826391,Hold
2025-01-26 09:46:51.8154,5137.75,4,30.0,5137.5,42.0,5137.75,0.25,0.025000000000545697,0.714285697278912,Hold
2025-01-26 09:46:51.8189,5137.75,3,40.0,5137.5,31.0,5137.75,0.25,0.024999999999636202,1.2903225390218536,Buy
2025-01-26 09:46:51.8189,5137.75,2,40.0,5137.5,27.0,5137.75,0.25,0.025000000000545697,1.481481426611799,Buy
2025-01-26 09:46:51.8519,5137.75,1,29.0,5137.5,51.0,5137.75,0.25,0.024999999999636202,0.5686274398308345,Hold
2025-01-26 09:46:51.8520,5137.75,1,29.0,5137.5,51.0,5137.75,0.25,0.024999999999636202,0.5686274398308345,Hold
2025-01-26 09:46:51.8842,5137.75,1,29.0,5137.5,53.0,5137.75,0.25,0.025000000000545697,0.5471698009967962,Hold
2025-01-26 09:46:51.8844,5137.75,1,30.0,5137.5,52.0,5137.75,0.25,0.024999999999636202,0.5769230658284026,Hold
2025-01-26 09:46:51.9109,5137.75,1,34.0,5137.5,51.0,5137.75,0.25,0.025000000000545697,0.6666666535947715,Hold
2025-01-26 09:46:52.0157,5137.5,1,34.0,5137.5,45.0,5137.75,0.25,0.0,0.7555555387654325,Hold
2025-01-26 09:46:52.0684,5137.75,2,33.0,5137.5,51.0,5137.75,0.25,0.0,0.6470588108419841,Hold
2025-01-26 09:46:52.3533,5137.5,2,38.0,5137.5,45.0,5137.75,0.25,-0.025000000000545697,0.8444444256790128,Sell
2025-01-26 09:46:52.7930,5137.5,1,32.0,5137.5,54.0,5137.75,0.25,-0.024999999999636202,0.5925925816186559,Sell
2025-01-26 09:46:52.7930,5137.5,1,31.0,5137.5,54.0,5137.75,0.25,-0.025000000000545697,0.5740740634430729,Sell
2025-01-26 09:46:53.0176,5137.5,1,32.0,5137.5,52.0,5137.75,0.25,-0.024999999999636202,0.6153846035502961,Sell
2025-01-26 09:46:53.4226,5137.5,1,43.0,5137.5,46.0,5137.75,0.25,-0.024999999999636202,0.9347825883742916,Sell
2025-01-26 09:46:53.6508,5137.5,2,36.0,5137.5,53.0,5137.75,0.25,-0.025000000000545697,0.6792452702029195,Sell
2025-01-26 09:46:53.7859,5137.75,1,34.0,5137.5,54.0,5137.75,0.25,0.0,0.6296296179698219,Hold
2025-01-26 09:46:53.8442,5137.5,2,30.0,5137.5,60.0,5137.75,0.25,-0.024999999999636202,0.4999999916666668,Sell
2025-01-26 09:46:53.8446,5137.5,26,28.0,5137.5,60.0,5137.75,0.25,0.0,0.46666665888888903,Hold
2025-01-26 09:46:53.8453,5137.5,1,46.0,5137.25,34.0,5137.5,0.25,-0.025000000000545697,1.352941136678202,Hold
2025-01-26 09:46:53.8455,5137.5,1,47.0,5137.25,39.0,5137.5,0.25,0.0,1.2051281742274829,Hold
2025-01-26 09:46:53.8679,5137.25,1,13.0,5137.25,71.0,5137.5,0.25,-0.024999999999636202,0.18309858897044243,Sell
2025-01-26 09:46:53.9708,5137.25,10,12.0,5137.25,72.0,5137.5,0.25,-0.024999999999636202,0.1666666643518519,Sell
2025-01-26 09:46:53.9708,5137.25,1,2.0,5137.25,72.0,5137.5,0.25,-0.025000000000545697,0.027777777391975313,Sell
2025-01-26 09:46:53.9716,5137.25,19,67.0,5137.0,41.0,5137.25,0.25,-0.024999999999636202,1.634146301606188,Hold
2025-01-26 09:46:53.9720,5137.25,12,70.0,5137.0,14.0,5137.25,0.25,-0.025000000000545697,4.999999642857168,Hold
2025-01-26 09:46:53.9721,5137.25,1,72.0,5137.0,1.0,5137.25,0.25,-0.049999999999272404,71.999928000072,Hold
2025-01-26 09:46:53.9723,5137.25,1,7.0,5137.25,69.0,5137.5,0.25,-0.025000000000545697,0.10144927389203952,Sell
2025-01-26 09:46:53.9723,5137.25,1,7.0,5137.25,69.0,5137.5,0.25,-0.024999999999636202,0.10144927389203952,Sell
2025-01-26 09:46:53.9724,5137.25,3,4.0,5137.25,68.0,5137.5,0.25,-0.025000000000545697,0.05882352854671282,Sell
2025-01-26 09:46:53.9724,5137.25,4,73.0,5137.0,68.0,5137.5,0.5,-0.024999999999636202,1.073529395977509,Hold
2025-01-26 09:46:53.9725,5137.25,1,73.0,5137.0,68.0,5137.5,0.5,0.0,1.073529395977509,Hold
2025-01-26 09:46:53.9729,5137.25,9,73.0,5137.0,21.0,5137.25,0.25,0.0,3.476190310657604,Hold
2025-01-26 09:46:53.9794,5137.25,3,71.0,5137.0,18.0,5137.25,0.25,0.0,3.944444225308654,Hold
2025-01-26 09:46:54.8514,5137.0,1,40.0,5137.0,64.0,5137.25,0.25,-0.024999999999636202,0.6249999902343751,Sell
2025-01-26 09:46:54.8514,5137.0,3,36.0,5137.0,64.0,5137.25,0.25,-0.025000000000545697,0.5624999912109376,Sell
2025-01-26 09:46:54.8516,5137.0,1,36.0,5137.0,64.0,5137.25,0.25,-0.024999999999636202,0.5624999912109376,Sell
2025-01-26 09:46:54.8516,5137.0,2,35.0,5137.0,64.0,5137.25,0.25,-0.025000000000545697,0.5468749914550782,Sell
2025-01-26 09:46:54.8517,5137.0,1,32.0,5137.0,64.0,5137.25,0.25,-0.024999999999636202,0.49999999218750013,Sell
2025-01-26 09:46:54.8518,5137.0,1,29.0,5137.0,66.0,5137.25,0.25,-0.024999999999636202,0.4393939327364556,Sell
2025-01-26 09:46:54.8520,5137.0,1,29.0,5137.0,68.0,5137.25,0.25,-0.025000000000545697,0.42647058196366794,Sell
2025-01-26 09:46:54.8521,5137.0,1,28.0,5137.0,68.0,5137.25,0.25,-0.024999999999636202,0.4117646998269897,Sell
2025-01-26 09:46:54.9108,5137.0,1,35.0,5137.0,67.0,5137.25,0.25,-0.025000000000545697,0.522388051904656,Sell
2025-01-26 09:46:54.9288,5137.0,2,27.0,5137.0,68.0,5137.25,0.25,-0.024999999999636202,0.39705881769031154,Sell
2025-01-26 09:46:54.9290,5137.0,6,25.0,5137.0,68.0,5137.25,0.25,0.0,0.3676470534169551,Hold
2025-01-26 09:46:54.9290,5137.0,1,17.0,5137.0,68.0,5137.25,0.25,0.0,0.24999999632352948,Hold
2025-01-26 09:46:54.9291,5137.0,1,17.0,5137.0,68.0,5137.25,0.25,0.0,0.24999999632352948,Hold
2025-01-26 09:46:54.9292,5137.0,5,16.0,5137.0,68.0,5137.25,0.25,0.0,0.23529411418685128,Hold
2025-01-26 09:46:55.0729,5137.25,1,33.0,5137.0,54.0,5137.25,0.25,0.024999999999636202,0.6111110997942389,Hold
2025-01-26 09:46:55.3099,5137.0,6,31.0,5137.0,70.0,5137.25,0.25,0.0,0.44285713653061237,Hold
2025-01-26 09:46:55.3099,5137.0,1,25.0,5137.0,70.0,5137.25,0.25,0.0,0.3571428520408164,Hold
2025-01-26 09:46:55.3100,5137.0,1,21.0,5137.0,70.0,5137.25,0.25,0.0,0.29999999571428576,Hold
2025-01-26 09:46:55.3100,5137.0,1,19.0,5137.0,70.0,5137.25,0.25,0.0,0.27142856755102046,Hold
2025-01-26 09:46:55.6452,5137.0,2,47.0,5137.0,43.0,5137.25,0.25,0.0,1.0930232303948086,Hold
2025-01-26 09:46:56.0304,5137.0,1,24.0,5137.0,68.0,5137.25,0.25,0.0,0.3529411712802769,Hold
2025-01-26 09:46:56.0958,5137.0,1,24.0,5137.0,64.0,5137.25,0.25,0.0,0.3749999941406251,Hold
2025-01-26 09:46:56.1452,5137.0,1,24.0,5137.0,64.0,5137.25,0.25,0.0,0.3749999941406251,Hold
2025-01-26 09:46:56.1458,5137.0,5,29.0,5137.0,64.0,5137.25,0.25,0.0,0.453124992919922,Hold
2025-01-26 09:46:56.5647,5137.0,1,31.0,5137.0,55.0,5137.25,0.25,-0.024999999999636202,0.56363635338843,Sell
2025-01-26 09:46:56.6423,5137.25,50,39.0,5137.0,50.0,5137.25,0.25,0.024999999999636202,0.7799999844000004,Hold
2025-01-26 09:46:56.7166,5137.25,1,33.0,5137.25,62.0,5137.5,0.25,0.025000000000545697,0.5322580559313217,Hold
2025-01-26 09:46:56.7488,5137.5,1,37.0,5137.25,49.0,5137.5,0.25,0.0500000000001819,0.7551020254060812,Hold
2025-01-26 09:46:56.7488,5137.5,1,37.0,5137.25,47.0,5137.5,0.25,0.049999999999272404,0.7872340258035314,Hold
2025-01-26 09:46:56.9601,5137.5,1,44.0,5137.25,38.0,5137.5,0.25,0.0500000000001819,1.157894706371192,Buy
2025-01-26 09:46:56.9616,5137.5,33,51.0,5137.25,33.0,5137.5,0.25,0.0500000000001819,1.545454498622591,Buy
2025-01-26 09:46:56.9642,5137.5,1,32.0,5137.5,58.0,5137.75,0.25,0.0500000000001819,0.5517241284185496,Hold
2025-01-26 09:46:56.9642,5137.5,1,24.0,5137.5,58.0,5137.75,0.25,0.0500000000001819,0.41379309631391215,Hold
2025-01-26 09:46:56.9643,5137.5,9,24.0,5137.5,58.0,5137.75,0.25,0.049999999999272404,0.41379309631391215,Hold
2025-01-26 09:46:56.9643,5137.5,2,13.0,5137.5,58.0,5137.75,0.25,0.0500000000001819,0.22413792717003575,Hold
2025-01-26 09:46:57.0756,5137.75,1,47.0,5137.5,38.0,5137.75,0.25,0.0500000000001819,1.2368420727146823,Buy
2025-01-26 09:46:57.0767,5137.75,1,55.0,5137.5,26.0,5137.75,0.25,0.0500000000001819,2.1153845340236717,Buy
2025-01-26 09:46:57.0768,5137.75,6,56.0,5137.5,24.0,5137.75,0.25,0.024999999999636202,2.333333236111115,Buy
2025-01-26 09:46:57.0769,5137.75,1,56.0,5137.5,18.0,5137.75,0.25,0.025000000000545697,3.1111109382716142,Buy
2025-01-26 09:46:57.0770,5137.75,2,56.0,5137.5,17.0,5137.75,0.25,0.024999999999636202,3.2941174532872086,Buy
2025-01-26 09:46:57.0771,5137.75,1,56.0,5137.5,12.0,5137.75,0.25,0.024999999999636202,4.666666277777811,Buy
2025-01-26 09:46:57.0772,5137.75,5,56.0,5137.5,7.0,5137.75,0.25,0.025000000000545697,7.99999885714302,Buy
2025-01-26 09:46:57.0772,5137.75,1,56.0,5137.5,6.0,5137.75,0.25,0.024999999999636202,9.333331777778037,Buy
2025-01-26 09:46:57.0778,5137.75,12,57.0,5137.5,12.0,5137.75,0.25,0.025000000000545697,4.7499996041667,Buy
2025-01-26 09:46:57.0779,5137.75,1,57.0,5137.5,5.0,5137.75,0.25,0.024999999999636202,11.399997720000457,Buy
2025-01-26 09:46:57.0782,5137.75,3,58.0,5137.5,3.0,5137.75,0.25,0.0,19.333326888891037,Hold
2025-01-26 09:46:57.0783,5137.75,4,5.0,5137.75,79.0,5138.0,0.25,0.0,0.06329113843935268,Hold
2025-01-26 09:46:57.0783,5137.75,1,1.0,5137.75,79.0,5138.0,0.25,0.0,0.012658227687870536,Hold
2025-01-26 09:46:57.0785,5137.75,1,6.0,5137.75,88.0,5138.0,0.25,0.0,0.06818181740702481,Hold
2025-01-26 09:46:57.0785,5137.75,1,4.0,5137.75,87.0,5138.0,0.25,0.0,0.04597701096578148,Hold
2025-01-26 09:46:57.0786,5137.75,1,2.0,5137.75,87.0,5138.0,0.25,0.0,0.02298850548289074,Hold
2025-01-26 09:46:57.0786,5137.75,2,62.0,5137.5,87.0,5138.0,0.5,0.0,0.712643669969613,Hold
2025-01-26 09:46:57.0788,5137.75,2,60.0,5137.5,10.0,5137.75,0.25,0.0,5.9999994000000605,Hold
2025-01-26 09:46:57.0790,5137.75,1,62.0,5137.5,6.0,5137.75,0.25,0.0,10.333331611111397,Hold
2025-01-26 09:46:57.0792,5137.75,1,61.0,5137.5,4.0,5137.75,0.25,0.0,15.249996187500953,Hold
2025-01-26 09:46:57.0795,5137.75,1,62.0,5137.5,3.0,5137.75,0.25,0.0,20.666659777780072,Hold
2025-01-26 09:46:57.0795,5137.75,1,62.0,5137.5,1.0,5137.75,0.25,0.0,61.999938000062,Hold
2025-01-26 09:46:57.0797,5137.75,1,62.0,5137.5,1.0,5137.75,0.25,0.0,61.999938000062,Hold
2025-01-26 09:46:57.0809,5137.75,1,14.0,5137.75,79.0,5138.0,0.25,0.0,0.1772151876301875,Hold
2025-01-26 09:46:57.2600,5138.0,1,35.0,5137.75,62.0,5138.0,0.25,0.024999999999636202,0.5645161199271593,Hold
2025-01-26 09:46:57.2600,5138.0,1,35.0,5137.75,60.0,5138.0,0.25,0.025000000000545697,0.5833333236111113,Hold
2025-01-26 09:46:57.8332,5137.75,2,30.0,5137.75,72.0,5138.0,0.25,0.0,0.4166666608796297,Hold
2025-01-26 09:46:58.4467,5137.75,1,28.0,5137.75,71.0,5138.0,0.25,0.0,0.3943661916286452,Hold
2025-01-26 09:46:58.5944,5138.0,1,51.0,5137.75,37.0,5138.0,0.25,0.024999999999636202,1.3783783411249098,Buy
2025-01-26 09:46:59.4540,5137.75,1,46.0,5137.75,35.0,5138.0,0.25,0.0,1.314285676734695,Hold
2025-01-26 09:46:59.4643,5138.0,2,45.0,5137.75,35.0,5138.0,0.25,0.025000000000545697,1.285714248979593,Buy
2025-01-26 09:46:59.5332,5138.0,1,45.0,5137.75,32.0,5138.0,0.25,0.024999999999636202,1.406249956054689,Buy
2025-01-26 09:46:59.6290,5138.0,1,41.0,5137.75,36.0,5138.0,0.25,0.024999999999636202,1.1388888572530873,Buy
2025-01-26 09:46:59.6293,5138.0,6,41.0,5137.75,26.0,5138.0,0.25,0.025000000000545697,1.5769230162721917,Buy
2025-01-26 09:46:59.6406,5138.0,1,54.0,5137.75,18.0,5138.0,0.25,0.0,2.9999998333333426,Hold
2025-01-26 09:46:59.6411,5138.0,17,54.0,5137.75,17.0,5138.0,0.25,0.0,3.1764704013840936,Hold
2025-01-26 09:46:59.6545,5138.0,1,56.0,5138.0,50.0,5138.25,0.25,0.024999999999636202,1.1199999776000005,Buy
2025-01-26 09:46:59.7501,5138.25,1,53.0,5138.0,46.0,5138.25,0.25,0.0500000000001819,1.1521738879962198,Buy
2025-01-26 09:46:59.7501,5138.25,1,53.0,5138.0,44.0,5138.25,0.25,0.024999999999636202,1.2045454271694223,Buy
2025-01-26 09:46:59.7503,5138.25,1,54.0,5138.0,34.0,5138.25,0.25,0.0500000000001819,1.5882352474048458,Buy
2025-01-26 09:46:59.7555,5138.25,10,62.0,5138.0,26.0,5138.25,0.25,0.025000000000545697,2.3846152928994115,Buy
2025-01-26 09:46:59.7557,5138.25,2,52.0,5138.0,16.0,5138.25,0.25,0.024999999999636202,3.2499997968750125,Buy
2025-01-26 09:46:59.7558,5138.25,2,52.0,5138.0,12.0,5138.25,0.25,0.024999999999636202,4.333332972222252,Buy
2025-01-26 09:46:59.7558,5138.25,2,52.0,5138.0,10.0,5138.25,0.25,0.025000000000545697,5.199999480000052,Buy
2025-01-26 09:46:59.7559,5138.25,2,52.0,5138.0,6.0,5138.25,0.25,0.024999999999636202,8.666665222222463,Buy
2025-01-26 09:46:59.7560,5138.25,2,52.0,5138.0,2.0,5138.25,0.25,0.025000000000545697,25.9999870000065,Buy
2025-01-26 09:46:59.7560,5138.25,4,52.0,5138.0,2.0,5138.25,0.25,0.024999999999636202,25.9999870000065,Buy
2025-01-26 09:46:59.7561,5138.25,1,2.0,5138.25,86.0,5138.5,0.25,0.0,0.023255813683071936,Hold
2025-01-26 09:46:59.7562,5138.25,2,53.0,5138.0,87.0,5138.5,0.5,0.0,0.6091953952966047,Hold
2025-01-26 09:46:59.7564,5138.25,2,61.0,5138.0,4.0,5138.25,0.25,0.0,15.249996187500953,Hold
2025-01-26 09:46:59.7567,5138.25,1,55.0,5138.0,11.0,5138.25,0.25,0.0,4.999999545454587,Hold
2025-01-26 09:46:59.7567,5138.25,1,55.0,5138.0,10.0,5138.25,0.25,0.0,5.499999450000056,Hold
2025-01-26 09:46:59.7643,5138.25,1,49.0,5138.0,43.0,5138.25,0.25,0.0,1.1395348572201196,Hold
2025-01-26 09:48:09.7069,5137.25,1,55.0,5137.0,4.0,5137.25,0.25,-0.1000000000003638,13.74999656250086,Hold
2025-01-26 09:48:09.7069,5137.25,1,55.0,5137.0,4.0,5137.25,0.25,-0.0999999999994543,13.74999656250086,Hold
2025-01-26 09:48:09.7070,5137.25,1,57.0,5137.0,1.0,5137.25,0.25,-0.1000000000003638,56.999943000057,Hold
2025-01-26 09:48:09.7071,5137.25,2,57.0,5137.0,4.0,5137.25,0.25,-0.0999999999994543,14.24999643750089,Hold
2025-01-26 09:48:09.7072,5137.25,2,1.0,5137.25,65.0,5137.5,0.25,-0.1000000000003638,0.015384615147928998,Sell
2025-01-26 09:48:09.7075,5137.25,1,57.0,5137.0,6.0,5137.25,0.25,-0.1000000000003638,9.49999841666693,Hold
2025-01-26 09:48:09.7098,5137.25,2,56.0,5137.0,5.0,5137.25,0.25,-0.0999999999994543,11.199997760000448,Hold
2025-01-26 09:48:09.7184,5137.25,4,56.0,5137.0,10.0,5137.25,0.25,-0.1000000000003638,5.599999440000056,Hold
2025-01-26 09:48:09.9868,5137.25,4,33.0,5137.0,48.0,5137.25,0.25,-0.0999999999994543,0.6874999856770837,Sell
2025-01-26 09:48:10.5129,5137.25,1,41.0,5137.0,31.0,5137.25,0.25,-0.1000000000003638,1.3225806024973998,Hold
2025-01-26 09:48:10.5614,5137.25,1,38.0,5137.0,41.0,5137.25,0.25,0.0,0.9268292456870916,Hold
2025-01-26 09:48:10.5709,5137.25,17,50.0,5137.0,17.0,5137.25,0.25,0.0,2.9411762975778646,Hold
2025-01-26 09:48:10.5710,5137.25,1,50.0,5137.0,3.0,5137.25,0.25,0.0,16.666661111112962,Hold
2025-01-26 09:48:10.5712,5137.25,1,11.0,5137.25,65.0,5137.5,0.25,0.0,0.16923076662721898,Hold
2025-01-26 09:48:10.5714,5137.25,1,15.0,5137.25,65.0,5137.5,0.25,0.0,0.23076922721893497,Hold
2025-01-26 09:48:10.6362,5137.5,1,36.0,5137.25,51.0,5137.5,0.25,0.024999999999636202,0.7058823391003464,Hold
2025-01-26 09:48:10.6362,5137.5,1,36.0,5137.25,51.0,5137.5,0.25,0.025000000000545697,0.7058823391003464,Hold
2025-01-26 09:48:10.6736,5137.5,1,33.0,5137.25,49.0,5137.5,0.25,0.024999999999636202,0.6734693740108292,Hold
2025-01-26 09:48:10.7800,5137.5,1,44.0,5137.25,44.0,5137.5,0.25,0.025000000000545697,0.9999999772727278,Hold
2025-01-26 09:48:10.8022,5137.5,4,53.0,5137.25,21.0,5137.5,0.25,0.024999999999636202,2.5238094036281233,Buy
2025-01-26 09:48:10.8025,5137.5,17,54.0,5137.25,17.0,5137.5,0.25,0.024999999999636202,3.1764704013840936,Buy
2025-01-26 09:48:10.8031,5137.5,4,23.0,5137.5,67.0,5137.75,0.25,0.025000000000545697,0.34328357696591677,Hold
2025-01-26 09:48:10.8757,5137.5,1,7.0,5137.5,67.0,5137.75,0.25,0.024999999999636202,0.10447761038093119,Hold
2025-01-26 09:48:10.8760,5137.5,6,6.0,5137.5,67.0,5137.75,0.25,0.025000000000545697,0.08955223746936959,Hold
2025-01-26 09:48:10.8763,5137.5,2,62.0,5137.25,13.0,5137.5,0.25,0.024999999999636202,4.769230402366892,Buy
2025-01-26 09:48:10.8765,5137.5,1,63.0,5137.25,14.0,5137.5,0.25,0.0,4.499999678571451,Hold
2025-01-26 09:48:10.8766,5137.5,3,63.0,5137.25,7.0,5137.5,0.25,0.0,8.999998714285898,Hold
2025-01-26 09:48:10.8766,5137.5,2,63.0,5137.25,2.0,5137.5,0.25,0.0,31.499984250007873,Hold
2025-01-26 09:48:10.8767,5137.5,2,63.0,5137.25,67.0,5137.75,0.5,0.0,0.9402984934283807,Hold
2025-01-26 09:48:10.8769,5137.5,1,10.0,5137.5,67.0,5137.75,0.25,0.0,0.149253729115616,Hold
2025-01-26 09:48:10.8790,5137.5,1,3.0,5137.5,66.0,5137.75,0.25,0.0,0.04545454476584023,Hold
2025-01-26 09:48:10.8790,5137.5,1,2.0,5137.5,66.0,5137.75,0.25,0.0,0.03030302984389349,Hold
2025-01-26 09:48:10.8791,5137.5,1,2.0,5137.5,66.0,5137.75,0.25,0.0,0.03030302984389349,Hold
2025-01-26 09:48:10.9610,5137.25,1,48.0,5137.25,28.0,5137.5,0.25,-0.024999999999636202,1.7142856530612267,Hold
2025-01-26 09:48:11.1226,5137.25,3,34.0,5137.25,42.0,5137.5,0.25,-0.025000000000545697,0.8095237902494337,Sell
2025-01-26 09:48:11.1279,5137.25,2,14.0,5137.25,50.0,5137.5,0.25,-0.024999999999636202,0.2799999944000001,Sell
2025-01-26 09:48:11.1282,5137.25,10,11.0,5137.25,50.0,5137.5,0.25,-0.025000000000545697,0.2199999956000001,Sell
2025-01-26 09:48:11.1286,5137.25,1,54.0,5137.0,2.0,5137.25,0.25,-0.024999999999636202,26.99998650000675,Hold
2025-01-26 09:48:11.1368,5137.25,1,54.0,5137.0,1.0,5137.25,0.25,-0.024999999999636202,53.999946000054,Hold
2025-01-26 09:48:11.1370,5137.25,1,1.0,5137.25,50.0,5137.5,0.25,-0.025000000000545697,0.01999999960000001,Sell
2025-01-26 09:48:11.1501,5137.25,1,55.0,5137.0,1.0,5137.25,0.25,-0.024999999999636202,54.99994500005501,Hold
2025-01-26 09:48:11.2677,5137.25,1,59.0,5137.0,2.0,5137.25,0.25,-0.025000000000545697,29.499985250007374,Hold
2025-01-26 09:48:11.2677,5137.25,1,4.0,5137.25,49.0,5137.5,0.25,-0.024999999999636202,0.08163265139525201,Sell
2025-01-26 09:48:11.4835,5137.5,1,17.0,5137.25,48.0,5137.5,0.25,0.024999999999636202,0.35416665928819463,Hold
2025-01-26 09:48:11.5161,5137.5,5,8.0,5137.25,48.0,5137.5,0.25,0.025000000000545697,0.16666666319444454,Hold
2025-01-26 09:48:11.7408,5137.25,1,19.0,5137.25,49.0,5137.5,0.25,0.0,0.3877550941274471,Hold
2025-01-26 09:48:11.7432,5137.5,1,17.0,5137.25,49.0,5137.5,0.25,0.024999999999636202,0.3469387684298211,Hold
2025-01-26 09:48:11.7972,5137.25,2,6.0,5137.25,48.0,5137.5,0.25,0.0,0.1249999973958334,Hold
2025-01-26 09:48:11.7973,5137.25,2,2.0,5137.25,49.0,5137.5,0.25,0.0,0.040816325697626006,Hold
2025-01-26 09:48:11.7991,5137.25,2,58.0,5137.0,7.0,5137.25,0.25,0.0,8.285713102040985,Hold
2025-01-26 09:48:11.7993,5137.25,3,58.0,5137.0,3.0,5137.25,0.25,0.0,19.333326888891037,Hold
