timestamp,price,volume,bidVolume,bidPrice,askVolume,askPrice,spread,momentum,volume_ratio,label
2025-01-26 09:45:00.1697,107.6563,50,819.0,107.640625,2993.0,107.65625,0.015625,,0.2736384897181295,Hold
2025-01-26 09:45:00.2357,107.6406,4,873.0,107.640625,2943.0,107.65625,0.015625,-0.007850000000004798,0.29663608552611753,Sell
2025-01-26 09:45:01.3773,107.6406,100,831.0,107.640625,2954.0,107.65625,0.015625,-0.002616666666668266,0.28131347316136984,Sell
2025-01-26 09:45:01.8526,107.6563,200,783.0,107.640625,2974.0,107.65625,0.015625,0.002616666666668266,0.2632817752981568,Hold
2025-01-26 09:45:02.3321,107.6406,10,827.0,107.640625,2792.0,107.65625,0.015625,-0.0015699999999867487,0.29620343828932544,Sell
2025-01-26 09:45:02.8673,107.6563,1,829.0,107.640625,2792.0,107.65625,0.015625,0.0015700000000009595,0.29691977066729236,Hold
2025-01-26 09:45:03.2645,107.6563,200,1058.0,107.640625,2750.0,107.65625,0.015625,0.0011214285714231664,0.38472727258737194,Hold
2025-01-26 09:45:04.0829,107.6563,100,1107.0,107.640625,2484.0,107.65625,0.015625,0.0008410714285673748,0.4456521737336344,Hold
2025-01-26 09:45:05.0509,107.6563,1,1182.0,107.640625,2414.0,107.65625,0.015625,0.0006541666666635138,0.4896437446190374,Hold
2025-01-26 09:45:05.8035,107.6563,200,1181.0,107.640625,2407.0,107.65625,0.015625,0.000523333333347864,0.49065226402548723,Hold
2025-01-26 09:45:07.6090,107.6563,100,1258.0,107.640625,2208.0,107.65625,0.015625,0.0,0.569746376553557,Hold
2025-01-26 09:45:07.8629,107.6563,50,1260.0,107.640625,2106.0,107.65625,0.015625,0.0015699999999867487,0.5982905980065097,Hold
2025-01-26 09:45:08.7201,107.6406,50,1261.0,107.640625,1990.0,107.65625,0.015625,0.0,0.6336683413901164,Hold
2025-01-26 09:45:08.7673,107.6406,1,1216.0,107.640625,2000.0,107.65625,0.015625,-0.0015699999999867487,0.6079999996959999,Sell
2025-01-26 09:45:11.8807,107.6563,9,1433.0,107.640625,2252.0,107.65625,0.015625,0.0015699999999867487,0.6363232679234799,Hold
2025-01-26 09:45:16.1621,107.6563,250,1575.0,107.640625,2065.0,107.65625,0.015625,0.0,0.7627118640374277,Hold
2025-01-26 09:45:16.1636,107.6563,866,1575.0,107.640625,1616.0,107.65625,0.015625,0.0,0.9746287122681753,Hold
2025-01-26 09:45:16.1636,107.6563,1,1575.0,107.640625,749.0,107.65625,0.015625,0.0,2.1028037355102756,Hold
2025-01-26 09:45:16.1639,107.6563,1,1575.0,107.640625,749.0,107.65625,0.015625,0.0,2.1028037355102756,Hold
2025-01-26 09:45:16.1640,107.6563,1,1575.0,107.640625,747.0,107.65625,0.015625,0.0,2.108433732117224,Hold
2025-01-26 09:45:16.1653,107.6563,28,1575.0,107.640625,747.0,107.65625,0.015625,0.0,2.108433732117224,Hold
2025-01-26 09:45:16.1656,107.6563,1,1627.0,107.640625,704.0,107.65625,0.015625,0.0,2.311079542171762,Hold
2025-01-26 09:45:16.1657,107.6563,2,1627.0,107.640625,696.0,107.65625,0.015625,0.0015700000000009595,2.3376436748022362,Buy
2025-01-26 09:45:16.1658,107.6563,1,1627.0,107.640625,694.0,107.65625,0.015625,0.0015700000000009595,2.3443804000801434,Buy
2025-01-26 09:45:16.1659,107.6563,1,1627.0,107.640625,693.0,107.65625,0.015625,0.0,2.347763344375522,Hold
2025-01-26 09:45:16.1659,107.6563,28,1627.0,107.640625,693.0,107.65625,0.015625,0.0,2.347763344375522,Hold
2025-01-26 09:45:16.1659,107.6563,6,1627.0,107.640625,659.0,107.65625,0.015625,0.0,2.4688922572550953,Hold
2025-01-26 09:45:16.1661,107.6563,145,1627.0,107.640625,659.0,107.65625,0.015625,0.0,2.4688922572550953,Hold
2025-01-26 09:45:16.1661,107.6563,52,1627.0,107.640625,463.0,107.65625,0.015625,0.0,3.514038869300132,Hold
2025-01-26 09:45:16.1661,107.6563,1,1627.0,107.640625,462.0,107.65625,0.015625,0.0,3.5216450140224134,Hold
2025-01-26 09:45:16.1662,107.6563,3,1627.0,107.640625,459.0,107.65625,0.015625,0.0,3.544662301645616,Hold
2025-01-26 09:45:16.1663,107.6563,9,1627.0,107.640625,450.0,107.65625,0.015625,0.0,3.6155555475209877,Hold
2025-01-26 09:45:16.1663,107.6563,1,1626.0,107.640625,449.0,107.65625,0.015625,0.0,3.621380838259731,Hold
2025-01-26 09:45:16.1664,107.6563,4,1626.0,107.640625,445.0,107.65625,0.015625,0.0,3.6539325760585784,Hold
2025-01-26 09:45:16.1664,107.6563,1,1626.0,107.640625,445.0,107.65625,0.015625,0.0,3.6539325760585784,Hold
2025-01-26 09:45:16.1665,107.6563,1,1626.0,107.640625,443.0,107.65625,0.015625,0.0,3.6704288856197995,Hold
2025-01-26 09:45:16.1665,107.6563,9,1626.0,107.640625,434.0,107.65625,0.015625,0.0,3.746543770169254,Hold
2025-01-26 09:45:16.1665,107.6563,3,1626.0,107.640625,431.0,107.65625,0.015625,0.0,3.7726218009915966,Hold
2025-01-26 09:45:16.1667,107.6563,17,1626.0,107.640625,421.0,107.65625,0.015625,0.0,3.8622327699234376,Hold
2025-01-26 09:45:16.1667,107.6563,10,1626.0,107.640625,421.0,107.65625,0.015625,0.0,3.8622327699234376,Hold
2025-01-26 09:45:16.1668,107.6563,7,1626.0,107.640625,396.0,107.65625,0.015625,0.0,4.106060595691766,Hold
2025-01-26 09:45:16.1668,107.6563,1,1626.0,107.640625,396.0,107.65625,0.015625,0.0,4.106060595691766,Hold
2025-01-26 09:45:16.1668,107.6563,1,1626.0,107.640625,395.0,107.65625,0.015625,0.0,4.1164556857811245,Hold
2025-01-26 09:45:16.1669,107.6563,60,1626.0,107.640625,335.0,107.65625,0.015625,0.0,4.853731328794832,Hold
2025-01-26 09:45:16.1670,107.6563,1,1626.0,107.640625,333.0,107.65625,0.015625,0.0,4.882882868219571,Hold
2025-01-26 09:45:16.1670,107.6563,15,1626.0,107.640625,317.0,107.65625,0.015625,0.0,5.129337523251301,Hold
2025-01-26 09:45:16.1670,107.6563,1,1626.0,107.640625,317.0,107.65625,0.015625,0.0,5.129337523251301,Hold
2025-01-26 09:45:16.1671,107.6563,1,1626.0,107.640625,316.0,107.65625,0.015625,0.0,5.145569603969716,Hold
2025-01-26 09:45:16.1671,107.6563,1,1626.0,107.640625,315.0,107.65625,0.015625,0.0,5.161904745517763,Hold
2025-01-26 09:45:16.1672,107.6563,1,1626.0,107.640625,314.0,107.65625,0.015625,0.0,5.1783439325530445,Hold
2025-01-26 09:45:16.1672,107.6563,1,1626.0,107.640625,311.0,107.65625,0.015625,0.0,5.228295803124451,Hold
2025-01-26 09:45:16.1673,107.6563,1,1626.0,107.640625,309.0,107.65625,0.015625,0.0,5.262135905300531,Hold
2025-01-26 09:45:16.1674,107.6563,1,1626.0,107.640625,308.0,107.65625,0.015625,0.0,5.2792207620804525,Hold
2025-01-26 09:45:16.1674,107.6563,1,1626.0,107.640625,307.0,107.65625,0.015625,0.0,5.296416920858577,Hold
2025-01-26 09:45:16.1675,107.6563,9,1626.0,107.640625,298.0,107.65625,0.015625,0.0,5.456375820616189,Hold
2025-01-26 09:45:16.1676,107.6563,2,1626.0,107.640625,296.0,107.65625,0.015625,0.0,5.493243224684989,Hold
2025-01-26 09:45:16.1676,107.6563,1,1626.0,107.640625,294.0,107.65625,0.015625,0.0,5.530612226086353,Hold
2025-01-26 09:45:16.1676,107.6563,1,1626.0,107.640625,293.0,107.65625,0.015625,0.0,5.549488035667276,Hold
2025-01-26 09:45:16.1677,107.6563,1,1626.0,107.640625,292.0,107.65625,0.015625,0.0,5.5684931316147495,Hold
2025-01-26 09:45:16.1678,107.6563,4,1626.0,107.640625,285.0,107.65625,0.015625,0.0,5.70526313787627,Hold
2025-01-26 09:45:16.1678,107.6563,1,1626.0,107.640625,285.0,107.65625,0.015625,0.0,5.70526313787627,Hold
2025-01-26 09:45:16.1679,107.6563,1,1626.0,107.640625,284.0,107.65625,0.015625,0.0,5.725352092516366,Hold
2025-01-26 09:45:16.1679,107.6563,1,1626.0,107.640625,283.0,107.65625,0.015625,0.0,5.745583018566845,Hold
2025-01-26 09:45:16.1680,107.6563,1,1626.0,107.640625,282.0,107.65625,0.015625,0.0,5.765957426361853,Hold
2025-01-26 09:45:16.1681,107.6563,2,1626.0,107.640625,280.0,107.65625,0.015625,0.0,5.807142836403061,Hold
2025-01-26 09:45:16.1682,107.6563,1,1626.0,107.640625,279.0,107.65625,0.015625,0.0,5.827956968358577,Hold
2025-01-26 09:45:16.1682,107.6563,1,1626.0,107.640625,278.0,107.65625,0.015625,0.0,5.848920842270069,Hold
2025-01-26 09:45:16.1684,107.6563,32,1629.0,107.640625,246.0,107.65625,0.015625,0.0,6.621951192593694,Hold
2025-01-26 09:45:16.1689,107.6563,248,1630.0,107.640625,245.0,107.65625,0.015625,0.0,6.653061197334444,Hold
2025-01-26 09:45:16.1731,107.6563,5,1139.0,107.65625,3047.0,107.671875,0.015625,0.0,0.37381030509556606,Hold
2025-01-26 09:45:16.1731,107.6563,40,1139.0,107.65625,3047.0,107.671875,0.015625,0.0,0.37381030509556606,Hold
2025-01-26 09:45:16.1732,107.6563,17,1099.0,107.65625,3047.0,107.671875,0.015625,0.0,0.360682638542605,Hold
2025-01-26 09:45:16.1732,107.6563,1,1082.0,107.65625,3047.0,107.671875,0.015625,0.0,0.3551033802575965,Hold
2025-01-26 09:45:16.1733,107.6563,21,1030.0,107.65625,3047.0,107.671875,0.015625,0.0,0.3380374137387472,Hold
2025-01-26 09:45:16.1733,107.6563,30,1030.0,107.65625,3047.0,107.671875,0.015625,0.0,0.3380374137387472,Hold
2025-01-26 09:45:16.1733,107.6563,4,1026.0,107.65625,3047.0,107.671875,0.015625,0.0,0.33672464708345107,Hold
2025-01-26 09:45:16.1735,107.6563,52,974.0,107.65625,3047.0,107.671875,0.015625,0.0,0.31965868056460167,Hold
2025-01-26 09:45:16.1736,107.6563,24,950.0,107.65625,3047.0,107.671875,0.015625,0.0,0.31178208063282503,Hold
2025-01-26 09:45:16.1740,107.6563,5,945.0,107.65625,3047.0,107.671875,0.015625,0.0,0.31014112231370494,Hold
2025-01-26 09:45:16.1740,107.6563,4,942.0,107.65625,3047.0,107.671875,0.015625,0.0,0.30915654732223286,Hold
2025-01-26 09:45:16.1746,107.6563,1,949.0,107.65625,3456.0,107.671875,0.015625,0.0,0.2745949073279529,Hold
2025-01-26 09:45:16.1747,107.6563,20,928.0,107.65625,3456.0,107.671875,0.015625,0.0,0.2685185184408222,Hold
2025-01-26 09:45:16.1747,107.6563,4,937.0,107.65625,3456.0,107.671875,0.015625,0.0,0.2711226851067353,Hold
2025-01-26 09:45:16.1749,107.6563,89,848.0,107.65625,3456.0,107.671875,0.015625,0.0,0.245370370299372,Hold
2025-01-26 09:45:16.1750,107.6563,37,811.0,107.65625,3510.0,107.671875,0.015625,0.0,0.23105413098830369,Hold
2025-01-26 09:45:16.1751,107.6563,10,799.0,107.65625,3534.0,107.671875,0.015625,0.0,0.2260894170271394,Hold
2025-01-26 09:45:16.1751,107.6563,2,799.0,107.65625,3534.0,107.671875,0.015625,0.0,0.2260894170271394,Hold
2025-01-26 09:45:16.1752,107.6563,6,819.0,107.65625,3534.0,107.671875,0.015625,0.0,0.23174872658977116,Hold
2025-01-26 09:45:16.1752,107.6563,1,819.0,107.65625,3534.0,107.671875,0.015625,0.0,0.23174872658977116,Hold
2025-01-26 09:45:16.1760,107.6563,1,1045.0,107.65625,3537.0,107.671875,0.015625,0.0,0.2954481197920701,Hold
2025-01-26 09:45:16.1774,107.6563,17,1274.0,107.65625,3520.0,107.671875,0.015625,0.0,0.36193181807899666,Hold
2025-01-26 09:45:16.1795,107.6563,5,1256.0,107.65625,3521.0,107.671875,0.015625,0.0,0.3567168417049938,Hold
2025-01-26 09:45:16.1805,107.6563,1,771.0,107.65625,3505.0,107.671875,0.015625,0.0,0.21997146926676991,Hold
2025-01-26 09:45:16.1805,107.6563,1,769.0,107.65625,3505.0,107.671875,0.015625,0.0,0.2194008558575176,Hold
2025-01-26 09:45:16.1806,107.6563,50,719.0,107.65625,3505.0,107.671875,0.015625,0.0,0.20513552062620957,Hold
2025-01-26 09:45:16.1833,107.6563,194,819.0,107.65625,3416.0,107.671875,0.015625,0.0,0.23975409829047012,Hold
2025-01-26 09:45:16.1882,107.6563,1,923.0,107.65625,3412.0,107.671875,0.015625,0.0,0.27051582641544086,Hold
2025-01-26 09:45:16.1929,107.6563,2,614.0,107.65625,3414.0,107.671875,0.015625,0.0,0.1798476859461489,Hold
2025-01-26 09:45:16.1929,107.6563,3,609.0,107.65625,3414.0,107.671875,0.015625,0.0,0.17838312824300437,Hold
2025-01-26 09:45:16.1930,107.6563,3,609.0,107.65625,3414.0,107.671875,0.015625,0.0,0.17838312824300437,Hold
2025-01-26 09:45:16.1930,107.6563,5,606.0,107.65625,3414.0,107.671875,0.015625,0.0,0.17750439362111764,Hold
2025-01-26 09:45:16.1932,107.6563,7,561.0,107.65625,3415.0,107.671875,0.015625,0.0,0.16427525617444355,Hold
2025-01-26 09:45:16.2386,107.6563,4,594.0,107.65625,3421.0,107.671875,0.015625,0.0,0.1736334404637143,Hold
2025-01-26 09:45:16.2471,107.6563,3,596.0,107.65625,3421.0,107.671875,0.015625,0.0,0.17421806484238,Hold
2025-01-26 09:45:18.3687,107.6563,10,614.0,107.65625,3389.0,107.671875,0.015625,0.0,0.1811743876715331,Hold
2025-01-26 09:45:18.3689,107.6563,1,604.0,107.65625,3389.0,107.671875,0.015625,0.0,0.17822366474528661,Hold
2025-01-26 09:45:18.5802,107.6563,19,634.0,107.65625,3391.0,107.671875,0.015625,0.0,0.18696549684843247,Hold
2025-01-26 09:45:18.5805,107.6563,48,615.0,107.65625,3391.0,107.671875,0.015625,0.0,0.18136242990817977,Hold
2025-01-26 09:45:18.5808,107.6563,2,488.0,107.65625,3391.0,107.671875,0.015625,0.0,0.14391035088649062,Hold
2025-01-26 09:45:18.5809,107.6563,1,486.0,107.65625,3391.0,107.671875,0.015625,0.0,0.14332055436646401,Hold
2025-01-26 09:45:18.5810,107.6563,41,480.0,107.65625,3391.0,107.671875,0.015625,0.0,0.14155116480638422,Hold
2025-01-26 09:45:18.5813,107.6563,1,435.0,107.65625,3391.0,107.671875,0.015625,0.0,0.1282807431057857,Hold
2025-01-26 09:45:18.5814,107.6563,5,434.0,107.65625,3391.0,107.671875,0.015625,0.0,0.12798584484577238,Hold
2025-01-26 09:45:18.5814,107.6563,8,421.0,107.65625,3391.0,107.671875,0.015625,0.0,0.12415216746559948,Hold
2025-01-26 09:45:18.6855,107.6563,1,421.0,107.65625,3411.0,107.671875,0.015625,0.0,0.12342421573631657,Hold
2025-01-26 09:45:18.7506,107.6563,27,563.0,107.65625,3389.0,107.671875,0.015625,0.0,0.1661257007476761,Hold
2025-01-26 09:45:18.7508,107.6563,41,424.0,107.65625,3389.0,107.671875,0.015625,0.0,0.12511065207285021,Hold
2025-01-26 09:45:18.7516,107.6563,1,357.0,107.65625,3389.0,107.671875,0.015625,0.0,0.10534080846699888,Hold
2025-01-26 09:45:18.7518,107.6563,1,356.0,107.65625,3389.0,107.671875,0.015625,0.0,0.10504573617437424,Hold
2025-01-26 09:45:18.7518,107.6563,27,355.0,107.65625,3389.0,107.671875,0.015625,0.0,0.10475066388174958,Hold
2025-01-26 09:45:18.7519,107.6563,82,328.0,107.65625,3389.0,107.671875,0.015625,0.0,0.09678371198088412,Hold
2025-01-26 09:45:18.7519,107.6563,1,245.0,107.65625,3389.0,107.671875,0.015625,0.0,0.07229271169303844,Hold
2025-01-26 09:45:18.7523,107.6563,1,244.0,107.65625,3390.0,107.671875,0.015625,0.0,0.07197640115870903,Hold
2025-01-26 09:45:18.7524,107.6563,2,241.0,107.65625,3390.0,107.671875,0.015625,0.0,0.07109144540675769,Hold
2025-01-26 09:45:18.7524,107.6563,1,240.0,107.65625,3390.0,107.671875,0.015625,0.0,0.07079646015610724,Hold
2025-01-26 09:45:18.7524,107.6563,1,240.0,107.65625,3391.0,107.671875,0.015625,0.0,0.07077558240319211,Hold
2025-01-26 09:45:18.7526,107.6563,122,239.0,107.65625,3391.0,107.671875,0.015625,0.0,0.0704806841431788,Hold
2025-01-26 09:45:18.7528,107.6563,41,117.0,107.65625,3391.0,107.671875,0.015625,0.0,0.03450309642155615,Hold
2025-01-26 09:45:18.7530,107.6563,50,76.0,107.65625,3391.0,107.671875,0.015625,0.0,0.022412267761010834,Hold
2025-01-26 09:45:18.7533,107.6563,26,26.0,107.65625,3391.0,107.671875,0.015625,0.0,0.007667354760345811,Hold
2025-01-26 09:45:18.7545,107.6563,1,2219.0,107.640625,395.0,107.65625,0.015625,0.0,5.617721504765262,Hold
2025-01-26 09:45:19.0616,107.6563,1,2127.0,107.640625,650.0,107.65625,0.015625,0.0,3.272307687273373,Hold
2025-01-26 09:45:19.4339,107.6563,150,2122.0,107.640625,610.0,107.65625,0.015625,0.0,3.4786885188873957,Hold
2025-01-26 09:45:19.4398,107.6406,2859,2122.0,107.640625,508.0,107.65625,0.015625,-0.0015699999999867487,4.177165346107942,Hold
2025-01-26 09:45:19.4464,107.6406,2,2345.0,107.625,128.0,107.640625,0.015625,-0.0015700000000151704,18.32031235687256,Hold
2025-01-26 09:45:19.4508,107.6406,40,2465.0,107.625,596.0,107.640625,0.015625,-0.0015700000000151704,4.135906033329017,Hold
2025-01-26 09:45:19.4522,107.6406,79,2490.0,107.625,571.0,107.640625,0.015625,-0.0015699999999867487,4.360770570296374,Hold
2025-01-26 09:45:19.4546,107.6406,1,2292.0,107.625,620.0,107.640625,0.015625,-0.0015700000000009595,3.696774187585848,Hold
2025-01-26 09:45:19.4561,107.6406,3,2293.0,107.625,603.0,107.640625,0.015625,-0.0015699999999867487,3.8026533933621005,Hold
2025-01-26 09:45:19.4565,107.6406,2,2293.0,107.625,598.0,107.640625,0.015625,-0.0015699999999867487,3.834448154122996,Hold
2025-01-26 09:45:19.4567,107.6406,238,2285.0,107.625,598.0,107.640625,0.015625,-0.0015700000000151704,3.821070227723963,Hold
2025-01-26 09:45:19.4617,107.6406,1,2246.0,107.625,448.0,107.640625,0.015625,-0.0015700000000009595,5.013392845952248,Hold
2025-01-26 09:45:19.4621,107.6406,1,2247.0,107.625,392.0,107.640625,0.015625,-0.0015700000000009595,5.732142842520044,Hold
2025-01-26 09:45:19.4653,107.6406,1,2232.0,107.625,480.0,107.640625,0.015625,0.0,4.6499999903125,Hold
2025-01-26 09:45:19.4692,107.6406,1,2224.0,107.625,157.0,107.640625,0.015625,0.0,14.165605005314617,Hold
2025-01-26 09:45:19.4699,107.6406,90,2223.0,107.625,90.0,107.640625,0.015625,0.0,24.69999972555556,Hold
2025-01-26 09:45:19.4706,107.6406,5,183.0,107.640625,2275.0,107.65625,0.015625,0.0,0.0804395604042024,Hold
2025-01-26 09:45:19.5420,107.6406,308,614.0,107.640625,2165.0,107.65625,0.015625,0.0,0.2836027712315923,Hold
2025-01-26 09:45:19.5437,107.6406,2,191.0,107.640625,2174.0,107.65625,0.015625,0.0,0.08785648570015801,Hold
2025-01-26 09:45:19.5455,107.6406,35,208.0,107.640625,2174.0,107.65625,0.015625,0.0,0.0956761729090726,Hold
2025-01-26 09:45:19.5456,107.6406,35,138.0,107.640625,2174.0,107.65625,0.015625,0.0,0.06347746087236547,Hold
2025-01-26 09:45:19.5457,107.6406,1,138.0,107.640625,2174.0,107.65625,0.015625,0.0,0.06347746087236547,Hold
2025-01-26 09:45:19.5457,107.6406,20,117.0,107.640625,2174.0,107.65625,0.015625,0.0,0.05381784726135334,Hold
2025-01-26 09:45:19.5458,107.6406,1,116.0,107.640625,2174.0,107.65625,0.015625,0.0,0.05335786566082895,Hold
2025-01-26 09:45:19.5458,107.6406,1,114.0,107.640625,2174.0,107.65625,0.015625,0.0,0.052437902459780174,Hold
2025-01-26 09:45:19.5459,107.6406,1,113.0,107.640625,2174.0,107.65625,0.015625,0.0,0.05197792085925579,Hold
2025-01-26 09:45:19.5459,107.6406,1,111.0,107.640625,2174.0,107.65625,0.015625,0.0,0.05105795765820701,Hold
2025-01-26 09:45:19.5460,107.6406,1,109.0,107.640625,2174.0,107.65625,0.015625,0.0,0.05013799445715824,Hold
2025-01-26 09:45:19.5460,107.6406,1,108.0,107.640625,2174.0,107.65625,0.015625,0.0,0.049678012856633855,Hold
2025-01-26 09:45:19.5460,107.6406,1,107.0,107.640625,2174.0,107.65625,0.015625,0.0,0.04921803125610946,Hold
2025-01-26 09:45:19.5461,107.6406,1,104.0,107.640625,2174.0,107.65625,0.015625,0.0,0.0478380864545363,Hold
2025-01-26 09:45:19.5461,107.6406,1,102.0,107.640625,2174.0,107.65625,0.015625,0.0,0.04691812325348753,Hold
2025-01-26 09:45:19.5462,107.6406,1,101.0,107.640625,2174.0,107.65625,0.015625,0.0,0.046458141652963136,Hold
2025-01-26 09:45:19.5462,107.6406,1,99.0,107.640625,2174.0,107.65625,0.015625,0.0,0.045538178451914366,Hold
2025-01-26 09:45:19.5463,107.6406,1,98.0,107.640625,2174.0,107.65625,0.015625,0.0,0.04507819685138997,Hold
2025-01-26 09:45:19.5463,107.6406,1,80.0,107.640625,2174.0,107.65625,0.015625,0.0,0.036798528041951,Hold
2025-01-26 09:45:19.5464,107.6406,1,79.0,107.640625,2174.0,107.65625,0.015625,0.0,0.03633854644142662,Hold
2025-01-26 09:45:19.5464,107.6406,1,78.0,107.640625,2174.0,107.65625,0.015625,0.0,0.035878564840902225,Hold
2025-01-26 09:45:19.5465,107.6406,1,78.0,107.640625,2174.0,107.65625,0.015625,0.0,0.035878564840902225,Hold
2025-01-26 09:45:19.5466,107.6406,1,76.0,107.640625,2175.0,107.65625,0.015625,0.0,0.03494252871956666,Hold
2025-01-26 09:45:19.5466,107.6406,1,74.0,107.640625,2175.0,107.65625,0.015625,0.0,0.03402298849010438,Hold
2025-01-26 09:45:19.5467,107.6406,1,73.0,107.640625,2176.0,107.65625,0.015625,0.0,0.033547794102229876,Hold
2025-01-26 09:45:19.5469,107.6406,34,84.0,107.640625,2198.0,107.65625,0.015625,0.0,0.03821656049216717,Hold
2025-01-26 09:45:19.5472,107.6406,1,225.0,107.640625,2200.0,107.65625,0.015625,0.0,0.10227272722623967,Hold
2025-01-26 09:45:19.5472,107.6406,1,240.0,107.640625,2200.0,107.65625,0.015625,0.0,0.10909090904132232,Hold
2025-01-26 09:45:19.6024,107.6563,10,324.0,107.640625,2167.0,107.65625,0.015625,0.0015700000000009595,0.1495154590911327,Hold
2025-01-26 09:45:20.4977,107.6406,5,269.0,107.640625,2431.0,107.65625,0.015625,0.0,0.11065405178500451,Hold
2025-01-26 09:45:20.4979,107.6406,1,264.0,107.640625,2431.0,107.65625,0.015625,0.0,0.10859728502320146,Hold
2025-01-26 09:45:20.6559,107.6406,5,239.0,107.640625,2432.0,107.65625,0.015625,0.0,0.09827302627538116,Hold
2025-01-26 09:45:21.5112,107.6406,394,394.0,107.640625,2431.0,107.65625,0.015625,0.0,0.16207322083008097,Hold
2025-01-26 09:45:21.5919,107.6406,20,2312.0,107.625,1144.0,107.640625,0.015625,0.0,2.020979019212431,Hold
2025-01-26 09:45:23.2749,107.6406,30,2367.0,107.625,752.0,107.640625,0.015625,0.0,3.1476063787930766,Hold
2025-01-26 09:45:23.2757,107.6406,308,2367.0,107.625,551.0,107.640625,0.015625,0.0,4.2958257635284465,Hold
2025-01-26 09:45:23.2764,107.6406,100,2387.0,107.625,243.0,107.640625,0.015625,0.0,9.823045227065657,Hold
2025-01-26 09:45:23.2765,107.6406,1,2387.0,107.625,143.0,107.640625,0.015625,0.0,16.69230757557827,Hold
2025-01-26 09:45:23.2765,107.6406,96,2387.0,107.625,46.0,107.640625,0.015625,-0.0015700000000009595,51.89130321975428,Hold
2025-01-26 09:45:23.2766,107.6406,50,2387.0,107.625,46.0,107.640625,0.015625,0.0,51.89130321975428,Hold
2025-01-26 09:45:23.2785,107.6406,1,239.0,107.640625,3041.0,107.65625,0.015625,0.0,0.07859256820828919,Hold
2025-01-26 09:45:23.6841,107.6406,10,905.0,107.640625,2854.0,107.65625,0.015625,0.0,0.31709880857845174,Hold
2025-01-26 09:45:23.8982,107.6406,10,295.0,107.640625,2864.0,107.65625,0.015625,0.0,0.10300279326012472,Hold
2025-01-26 09:45:26.9802,107.6406,1,302.0,107.640625,2728.0,107.65625,0.015625,0.0,0.11070381227613497,Hold
2025-01-26 09:45:26.9803,107.6406,1,300.0,107.640625,2728.0,107.65625,0.015625,0.0,0.1099706744464917,Hold
2025-01-26 09:45:26.9806,107.6406,82,300.0,107.640625,2728.0,107.65625,0.015625,0.0,0.1099706744464917,Hold
2025-01-26 09:45:26.9807,107.6406,56,162.0,107.640625,2728.0,107.65625,0.015625,0.0,0.05938416420110552,Hold
2025-01-26 09:45:26.9809,107.6406,77,85.0,107.640625,2728.0,107.65625,0.015625,0.0,0.031158357759839314,Hold
2025-01-26 09:45:26.9810,107.6406,1,84.0,107.640625,2728.0,107.65625,0.015625,0.0,0.030791788845017674,Hold
2025-01-26 09:45:26.9811,107.6406,5,79.0,107.640625,2728.0,107.65625,0.015625,0.0,0.02895894427090948,Hold
2025-01-26 09:45:26.9812,107.6406,8,71.0,107.640625,2728.0,107.65625,0.015625,0.0,0.02602639295233637,Hold
2025-01-26 09:45:26.9814,107.6406,54,71.0,107.640625,2728.0,107.65625,0.015625,0.0,0.02602639295233637,Hold
2025-01-26 09:45:26.9816,107.6406,1,16.0,107.640625,2728.0,107.65625,0.015625,0.0,0.0058651026371462234,Hold
2025-01-26 09:45:26.9816,107.6406,11,5.0,107.640625,2728.0,107.65625,0.015625,0.0,0.001832844574108195,Hold
2025-01-26 09:45:26.9817,107.6406,4,1.0,107.640625,2728.0,107.65625,0.015625,0.0,0.00036656891482163897,Hold
2025-01-26 09:45:26.9817,107.6406,1,2641.0,107.625,2728.0,107.65625,0.03125,0.0,0.9681085040439485,Hold
2025-01-26 09:45:26.9827,107.6406,1,2632.0,107.625,165.0,107.640625,0.015625,0.0,15.951515054839303,Hold
2025-01-26 09:45:26.9840,107.6406,100,2398.0,107.625,212.0,107.640625,0.015625,0.0,11.311320701361694,Hold
2025-01-26 09:45:26.9840,107.6406,50,2398.0,107.625,112.0,107.640625,0.015625,0.0,21.410714094547195,Hold
2025-01-26 09:45:26.9842,107.6406,62,2398.0,107.625,62.0,107.640625,0.015625,0.0,38.677418731009375,Hold
2025-01-26 09:45:26.9847,107.6406,4,2398.0,107.625,4.0,107.640625,0.015625,0.0,599.4998501250375,Hold
2025-01-26 09:45:26.9856,107.6406,1,413.0,107.640625,3017.0,107.65625,0.015625,0.0,0.1368909512307289,Hold
2025-01-26 09:45:26.9860,107.6406,5,435.0,107.640625,2839.0,107.65625,0.015625,0.0,0.15322296577906905,Hold
2025-01-26 09:45:26.9860,107.6406,1,430.0,107.640625,2833.0,107.65625,0.015625,0.0,0.15178256260085332,Hold
2025-01-26 09:45:26.9864,107.6406,52,464.0,107.640625,2834.0,107.65625,0.015625,0.0,0.16372618201703382,Hold
2025-01-26 09:45:26.9864,107.6406,5,407.0,107.640625,2834.0,107.65625,0.015625,0.0,0.14361326741580338,Hold
2025-01-26 09:45:27.0013,107.6406,1,362.0,107.640625,2867.0,107.65625,0.015625,0.0,0.12626438781783594,Hold
2025-01-26 09:45:27.0783,107.6406,61,355.0,107.640625,2867.0,107.65625,0.015625,0.0,0.12382281125782253,Hold
2025-01-26 09:45:27.0790,107.6406,1,294.0,107.640625,2867.0,107.65625,0.015625,0.0,0.10254621552056288,Hold
2025-01-26 09:45:27.0793,107.6406,1,99.0,107.640625,2867.0,107.65625,0.015625,0.0,0.034530868491618114,Hold
2025-01-26 09:45:27.0795,107.6406,97,99.0,107.640625,2867.0,107.65625,0.015625,0.0,0.034530868491618114,Hold
2025-01-26 09:45:28.1499,107.6406,5,1722.0,107.625,1685.0,107.640625,0.015625,0.0,1.02195845636679,Hold
2025-01-26 09:45:30.8652,107.625,41,347.0,107.625,1867.0,107.640625,0.015625,-0.0015600000000119962,0.1858596678168936,Sell
2025-01-26 09:45:30.8662,107.625,226,218.0,107.625,1869.0,107.640625,0.015625,-0.0015599999999835745,0.11663991433031572,Sell
2025-01-26 09:45:30.8678,107.625,19,2326.0,107.609375,387.0,107.625,0.015625,-0.0015599999999977854,6.010335901782078,Hold
2025-01-26 09:45:31.0113,107.625,36,2238.0,107.609375,713.0,107.625,0.015625,-0.0015599999999977854,3.1388499254714586,Hold
2025-01-26 09:45:31.8110,107.625,1,1767.0,107.609375,1511.0,107.625,0.015625,-0.0015600000000119962,1.1694242215953512,Hold
2025-01-26 09:45:33.4391,107.625,18,1671.0,107.609375,1468.0,107.625,0.015625,-0.0015599999999977854,1.1382833779711965,Hold
2025-01-26 09:45:34.5339,107.625,41,1757.0,107.609375,119.0,107.625,0.015625,-0.0015599999999977854,14.764705758279783,Hold
2025-01-26 09:45:34.5342,107.625,82,1757.0,107.609375,78.0,107.625,0.015625,-0.0015599999999977854,22.52564073685076,Hold
2025-01-26 09:45:34.6494,107.625,1,499.0,107.625,2496.0,107.640625,0.015625,-0.0015600000000119962,0.1999198717147757,Sell
2025-01-26 09:45:34.6498,107.625,378,383.0,107.625,2496.0,107.640625,0.015625,-0.0015599999999977854,0.15344551275903626,Sell
2025-01-26 09:45:34.6753,107.625,1,2095.0,107.609375,778.0,107.625,0.015625,0.0,2.6928020530940846,Hold
2025-01-26 09:45:34.6755,107.625,39,2071.0,107.609375,777.0,107.625,0.015625,0.0,2.665379661949318,Hold
2025-01-26 09:45:34.6755,107.625,50,2071.0,107.609375,738.0,107.625,0.015625,0.0,2.8062330585281394,Hold
2025-01-26 09:45:35.1659,107.625,1,1862.0,107.609375,770.0,107.625,0.015625,0.0,2.418181815041322,Hold
2025-01-26 09:45:35.1771,107.625,1,1871.0,107.609375,822.0,107.625,0.015625,0.0,2.276155714992511,Hold
2025-01-26 09:45:36.9800,107.6094,41,181.0,107.609375,1914.0,107.625,0.015625,-0.0015599999999977854,0.09456635313763513,Sell
2025-01-26 09:45:36.9803,107.6094,1,117.0,107.609375,1921.0,107.625,0.015625,-0.0015599999999977854,0.06090577820879449,Sell
2025-01-26 09:45:36.9804,107.6094,1,116.0,107.609375,1921.0,107.625,0.015625,-0.0015600000000119962,0.060385216001881716,Sell
2025-01-26 09:45:36.9804,107.6094,1,113.0,107.609375,1921.0,107.625,0.015625,-0.0015599999999977854,0.058823529381143394,Sell
2025-01-26 09:45:36.9805,107.6094,1,109.0,107.609375,1921.0,107.625,0.015625,-0.0015599999999977854,0.056741280553492306,Sell
2025-01-26 09:45:36.9805,107.6094,1,108.0,107.609375,1921.0,107.625,0.015625,-0.0015599999999835745,0.05622071834657953,Sell
2025-01-26 09:45:36.9806,107.6094,1,105.0,107.609375,1921.0,107.625,0.015625,-0.001560000000026207,0.05465903172584121,Sell
2025-01-26 09:45:36.9806,107.6094,104,104.0,107.609375,1921.0,107.625,0.015625,-0.0015599999999977854,0.054138469518928437,Sell
2025-01-26 09:45:37.0663,107.6094,2,2243.0,107.59375,1127.0,107.609375,0.015625,-0.0015599999999835745,1.9902395723245432,Hold
2025-01-26 09:45:37.0669,107.6094,6,2243.0,107.59375,1125.0,107.609375,0.015625,-0.0015600000000119962,1.9937777760055306,Hold
2025-01-26 09:45:38.4565,107.5938,2,790.0,107.59375,1650.0,107.609375,0.015625,-0.0015600000000119962,0.47878787849770427,Sell
2025-01-26 09:45:38.4586,107.5938,11,548.0,107.59375,1649.0,107.609375,0.015625,-0.0015599999999835745,0.3323226195680275,Sell
2025-01-26 09:45:39.7506,107.6094,176,1663.0,107.59375,176.0,107.609375,0.015625,0.0,9.448863582676912,Hold
2025-01-26 09:45:40.6846,107.6094,50,243.0,107.609375,2327.0,107.625,0.015625,0.0,0.10442629991215029,Hold
2025-01-26 09:45:40.6849,107.6094,1,193.0,107.609375,2329.0,107.625,0.015625,0.0,0.0828681837342773,Hold
2025-01-26 09:45:40.6850,107.6094,10,182.0,107.609375,2330.0,107.625,0.015625,0.0,0.07811158794930834,Hold
2025-01-26 09:45:40.6853,107.6094,46,182.0,107.609375,2330.0,107.625,0.015625,0.0,0.07811158794930834,Hold
2025-01-26 09:45:40.6855,107.6094,4,136.0,107.609375,2330.0,107.625,0.015625,0.0,0.05836909868739524,Hold
2025-01-26 09:45:40.6855,107.6094,17,115.0,107.609375,2330.0,107.625,0.015625,0.0,0.04935622315478274,Hold
2025-01-26 09:45:40.6856,107.6094,41,74.0,107.609375,2330.0,107.625,0.015625,0.0,0.03175965663872976,Hold
2025-01-26 09:45:40.6856,107.6094,2,72.0,107.609375,2330.0,107.625,0.015625,0.0015599999999835745,0.030901287540385715,Hold
2025-01-26 09:45:40.6856,107.6094,2,64.0,107.609375,2330.0,107.625,0.015625,0.0015600000000119962,0.027467811147009524,Hold
2025-01-26 09:45:40.6856,107.6094,6,64.0,107.609375,2330.0,107.625,0.015625,0.0,0.027467811147009524,Hold
2025-01-26 09:45:40.6857,107.6094,1,64.0,107.609375,2330.0,107.625,0.015625,0.0,0.027467811147009524,Hold
2025-01-26 09:45:40.6857,107.6094,1,62.0,107.609375,2330.0,107.625,0.015625,0.0,0.02660944204866548,Hold
2025-01-26 09:45:40.6857,107.6094,3,59.0,107.609375,2330.0,107.625,0.015625,0.0,0.025321888401149406,Hold
2025-01-26 09:45:40.6859,107.6094,59,59.0,107.609375,2330.0,107.625,0.015625,0.0,0.025321888401149406,Hold
2025-01-26 09:45:40.7372,107.6094,58,2034.0,107.59375,113.0,107.609375,0.015625,0.0,17.999999840707968,Hold
2025-01-26 09:45:40.7372,107.6094,40,2034.0,107.59375,15.0,107.609375,0.015625,0.0,135.5999909600006,Hold
2025-01-26 09:45:40.7373,107.6094,6,2034.0,107.59375,15.0,107.609375,0.015625,0.0,135.5999909600006,Hold
2025-01-26 09:45:40.7374,107.6094,3,2034.0,107.59375,9.0,107.609375,0.015625,0.0,225.9999748888917,Hold
2025-01-26 09:45:40.7374,107.6094,1,2034.0,107.59375,5.0,107.609375,0.015625,0.0,406.79991864001624,Hold
2025-01-26 09:45:40.7376,107.6094,1,2034.0,107.59375,3.0,107.609375,0.015625,0.0,677.9997740000753,Hold
2025-01-26 09:45:40.7379,107.6094,2,2034.0,107.59375,3.0,107.609375,0.015625,0.0,677.9997740000753,Hold
2025-01-26 09:45:40.7380,107.6094,1,2035.0,107.59375,2421.0,107.625,0.03125,0.0,0.8405617509952245,Hold
2025-01-26 09:45:40.7385,107.6094,4,21.0,107.609375,2421.0,107.625,0.015625,0.0,0.008674101607321726,Hold
2025-01-26 09:45:40.7386,107.6094,17,17.0,107.609375,2421.0,107.625,0.015625,0.0,0.007021891777355683,Hold
2025-01-26 09:45:40.7387,107.6094,1,2035.0,107.59375,34.0,107.609375,0.015625,0.0,59.852939416090024,Hold
2025-01-26 09:45:40.7388,107.6094,1,2035.0,107.59375,191.0,107.609375,0.015625,0.0,10.654450205997643,Hold
2025-01-26 09:45:40.7390,107.6094,7,2035.0,107.59375,290.0,107.609375,0.015625,0.0,7.017241355112961,Hold
2025-01-26 09:45:40.7392,107.6094,1,2120.0,107.59375,306.0,107.609375,0.015625,0.0,6.928104552522534,Hold
2025-01-26 09:45:40.7393,107.6094,1,2119.0,107.59375,348.0,107.609375,0.015625,0.0,6.089080442272757,Hold
2025-01-26 09:45:40.7405,107.6094,1,2034.0,107.59375,466.0,107.609375,0.015625,0.0,4.3648068575862515,Hold
2025-01-26 09:45:43.0316,107.6094,1,2027.0,107.59375,381.0,107.609375,0.015625,0.0,5.320209959789476,Hold
2025-01-26 09:45:43.0845,107.6094,1,2049.0,107.59375,98.0,107.609375,0.015625,0.0,20.90816305195752,Hold
2025-01-26 09:45:43.0845,107.6094,1,2049.0,107.59375,97.0,107.609375,0.015625,0.0,21.123711122435967,Hold
2025-01-26 09:45:43.0846,107.6094,1,2049.0,107.59375,96.0,107.609375,0.015625,0.0,21.343749777669274,Hold
2025-01-26 09:45:43.0851,107.6094,1,2055.0,107.59375,54.0,107.609375,0.015625,0.0,38.05555485082306,Hold
2025-01-26 09:45:43.0852,107.6094,30,2055.0,107.59375,53.0,107.609375,0.015625,0.0,38.77358417408332,Hold
2025-01-26 09:45:43.0853,107.6094,2,2055.0,107.59375,23.0,107.609375,0.015625,0.0,89.3478222022686,Hold
2025-01-26 09:45:43.0853,107.6094,4,2055.0,107.59375,21.0,107.609375,0.015625,0.0,97.85713819727913,Hold
2025-01-26 09:45:43.0854,107.6094,17,2055.0,107.59375,17.0,107.609375,0.015625,0.0,120.88234583045023,Hold
2025-01-26 09:45:43.0864,107.6094,50,85.0,107.609375,2546.0,107.625,0.015625,0.0,0.03338570305051622,Hold
2025-01-26 09:45:43.0874,107.6094,14,14.0,107.609375,2415.0,107.625,0.015625,0.0,0.005797101446874907,Hold
2025-01-26 09:45:43.0877,107.6094,33,2142.0,107.59375,61.0,107.609375,0.015625,0.0,35.11475352270896,Hold
2025-01-26 09:45:43.0882,107.6094,111,2142.0,107.59375,216.0,107.609375,0.015625,0.0,9.916666620756173,Hold
2025-01-26 09:45:43.0883,107.6094,1,2142.0,107.59375,105.0,107.609375,0.015625,0.0,20.399999805714288,Hold
2025-01-26 09:45:43.0897,107.6094,4,2144.0,107.59375,220.0,107.609375,0.015625,0.0,9.745454501157026,Hold
2025-01-26 09:45:43.0900,107.6094,1,2144.0,107.59375,308.0,107.609375,0.015625,0.0,6.961038938438185,Hold
2025-01-26 09:45:43.0908,107.6094,4,2081.0,107.59375,410.0,107.609375,0.015625,0.0,5.075609743718025,Hold
2025-01-26 09:45:43.0909,107.6094,1,2075.0,107.59375,406.0,107.609375,0.015625,0.0,5.110837425835376,Hold
2025-01-26 09:45:43.0911,107.6094,1,2075.0,107.59375,354.0,107.609375,0.015625,0.0,5.8615819043458135,Hold
2025-01-26 09:45:43.6124,107.6094,2,2042.0,107.59375,196.0,107.609375,0.015625,0.0,10.41836729378384,Hold
2025-01-26 09:45:43.8465,107.6094,20,2042.0,107.59375,189.0,107.609375,0.015625,0.0,10.804232747067552,Hold
2025-01-26 09:45:43.8498,107.6094,20,2042.0,107.59375,176.0,107.609375,0.015625,0.0,11.602272661350725,Hold
2025-01-26 09:45:44.0590,107.6094,11,2042.0,107.59375,93.0,107.609375,0.015625,0.0,21.95698901121517,Hold
2025-01-26 09:45:44.0593,107.6094,1,2048.0,107.59375,82.0,107.609375,0.015625,0.0,24.97560945151696,Hold
2025-01-26 09:45:44.0595,107.6094,15,2048.0,107.59375,81.0,107.609375,0.015625,0.0,25.28395030513642,Hold
2025-01-26 09:45:44.0597,107.6094,1,2048.0,107.59375,23.0,107.609375,0.015625,0.0,89.04347438941416,Hold
2025-01-26 09:45:44.0600,107.6094,2,2048.0,107.59375,18.0,107.609375,0.015625,0.0,113.77777145679048,Hold
2025-01-26 09:45:44.0602,107.6094,16,2048.0,107.59375,16.0,107.609375,0.015625,0.0,127.99999200000049,Hold
2025-01-26 09:45:44.0615,107.6094,5,5.0,107.609375,2409.0,107.625,0.015625,0.0,0.0020755500198939188,Hold
2025-01-26 09:45:44.0642,107.6094,20,2050.0,107.59375,235.0,107.609375,0.015625,0.0,8.72340421819828,Hold
2025-01-26 09:45:45.2651,107.6094,250,2056.0,107.59375,522.0,107.609375,0.015625,0.0,3.9386973104622656,Hold
2025-01-26 09:45:45.2659,107.6094,1,2056.0,107.59375,297.0,107.609375,0.015625,0.0,6.922558899250643,Hold
2025-01-26 09:45:45.2663,107.6094,8,2056.0,107.59375,297.0,107.609375,0.015625,0.0,6.922558899250643,Hold
2025-01-26 09:45:45.2667,107.6094,1,2056.0,107.59375,289.0,107.609375,0.015625,0.0,7.114186826594509,Hold
2025-01-26 09:45:45.2667,107.6094,1,2056.0,107.59375,287.0,107.609375,0.015625,0.0,7.163763041241244,Hold
2025-01-26 09:45:45.2668,107.6094,49,2056.0,107.59375,287.0,107.609375,0.015625,0.0,7.163763041241244,Hold
2025-01-26 09:45:45.2668,107.6094,1,2056.0,107.59375,237.0,107.609375,0.015625,0.0,8.675105448628248,Hold
2025-01-26 09:45:45.2669,107.6094,1,2056.0,107.59375,236.0,107.609375,0.015625,0.0,8.711864369864982,Hold
2025-01-26 09:45:45.2669,107.6094,1,2056.0,107.59375,235.0,107.609375,0.015625,0.0,8.74893613298325,Hold
2025-01-26 09:45:45.2669,107.6094,1,2056.0,107.59375,234.0,107.609375,0.015625,0.0,8.78632474877639,Hold
2025-01-26 09:45:45.2670,107.6094,1,2056.0,107.59375,233.0,107.609375,0.015625,0.0,8.824034296892556,Hold
2025-01-26 09:45:45.2670,107.6094,1,2056.0,107.59375,232.0,107.609375,0.015625,0.0,8.862068927318669,Hold
2025-01-26 09:45:45.2671,107.6094,1,2056.0,107.59375,231.0,107.609375,0.015625,0.0,8.900432861902889,Hold
2025-01-26 09:45:45.2671,107.6094,1,2056.0,107.59375,230.0,107.609375,0.015625,0.0,8.939130395916825,Hold
2025-01-26 09:45:45.2671,107.6094,1,2056.0,107.59375,229.0,107.609375,0.015625,0.0,8.978165899658665,Hold
2025-01-26 09:45:45.2672,107.6094,1,2056.0,107.59375,227.0,107.609375,0.015625,0.0,9.057268682567098,Hold
2025-01-26 09:45:45.2673,107.6094,1,2056.0,107.59375,226.0,107.609375,0.015625,0.0,9.097345092489624,Hold
2025-01-26 09:45:45.2673,107.6094,1,2056.0,107.59375,225.0,107.609375,0.015625,0.0,9.137777737165433,Hold
2025-01-26 09:45:45.2674,107.6094,1,2056.0,107.59375,224.0,107.609375,0.015625,0.0,9.178571387595664,Hold
2025-01-26 09:45:45.2674,107.6094,1,2056.0,107.59375,223.0,107.609375,0.015625,0.0,9.21973090035995,Hold
2025-01-26 09:45:45.2675,107.6094,1,2056.0,107.59375,222.0,107.609375,0.015625,0.0,9.261261219543869,Hold
2025-01-26 09:45:45.2675,107.6094,1,2056.0,107.59375,220.0,107.609375,0.015625,0.0,9.345454502975207,Hold
2025-01-26 09:45:45.2676,107.6094,1,2056.0,107.59375,219.0,107.609375,0.015625,0.0,9.388127811013115,Hold
2025-01-26 09:45:45.2678,107.6094,8,2056.0,107.59375,211.0,107.609375,0.015625,0.0,9.744075783203433,Hold
2025-01-26 09:45:45.2680,107.6094,40,2056.0,107.59375,211.0,107.609375,0.015625,0.0,9.744075783203433,Hold
2025-01-26 09:45:45.2680,107.6094,1,2056.0,107.59375,170.0,107.609375,0.015625,0.0,12.094117575916956,Hold
2025-01-26 09:45:45.2681,107.6094,2,2056.0,107.59375,168.0,107.609375,0.015625,0.0,12.238095165249433,Hold
2025-01-26 09:45:45.2682,107.6094,56,2056.0,107.59375,112.0,107.609375,0.015625,0.0,18.357142693239798,Hold
2025-01-26 09:45:45.2683,107.6094,71,2056.0,107.59375,41.0,107.609375,0.015625,0.0,50.14634024033317,Hold
2025-01-26 09:45:45.2685,107.6094,6,2056.0,107.59375,35.0,107.609375,0.015625,0.0,58.74285546448985,Hold
2025-01-26 09:45:45.2685,107.6094,13,2056.0,107.59375,22.0,107.609375,0.015625,0.0,93.45454120661176,Hold
2025-01-26 09:45:45.2686,107.6094,22,45.0,107.609375,2517.0,107.625,0.015625,0.0,0.017878426691347468,Hold
2025-01-26 09:45:45.2696,107.6094,1,88.0,107.609375,2517.0,107.625,0.015625,0.0,0.03496225664085727,Hold
2025-01-26 09:45:45.2745,107.6094,89,267.0,107.609375,2391.0,107.625,0.015625,0.0,0.11166875779520337,Hold
2025-01-26 09:45:45.2770,107.6094,1,187.0,107.609375,2390.0,107.625,0.015625,0.0,0.07824267779153027,Hold
2025-01-26 09:45:45.2780,107.6094,1,76.0,107.609375,2391.0,107.625,0.015625,0.0,0.03178586364208036,Hold
2025-01-26 09:45:45.2782,107.6094,2,69.0,107.609375,2391.0,107.625,0.015625,0.0,0.02885821830662559,Hold
2025-01-26 09:45:45.2783,107.6094,5,62.0,107.609375,2391.0,107.625,0.015625,0.0,0.02593057297117082,Hold
2025-01-26 09:45:45.2784,107.6094,1,56.0,107.609375,2391.0,107.625,0.015625,0.0,0.02342116268363816,Hold
2025-01-26 09:45:45.2791,107.6094,57,57.0,107.609375,2367.0,107.625,0.015625,0.0,0.024081115325694503,Hold
2025-01-26 09:45:45.2805,107.6094,5,2169.0,107.59375,233.0,107.609375,0.015625,0.0,9.309012835583635,Hold
2025-01-26 09:45:45.2813,107.6094,1,2170.0,107.59375,239.0,107.609375,0.015625,0.0,9.07949786996026,Hold
2025-01-26 09:45:45.2813,107.6094,1,2170.0,107.59375,238.0,107.609375,0.015625,0.0,9.117647020514088,Hold
2025-01-26 09:45:45.2842,107.6094,20,2076.0,107.59375,77.0,107.609375,0.015625,0.0,26.961038610895603,Hold
2025-01-26 09:45:45.2843,107.6094,1,2076.0,107.59375,23.0,107.609375,0.015625,0.0,90.26086564083192,Hold
2025-01-26 09:45:45.2845,107.6094,1,2076.0,107.59375,16.0,107.609375,0.015625,0.0,129.7499918906255,Hold
2025-01-26 09:45:45.2845,107.6094,12,2076.0,107.59375,15.0,107.609375,0.015625,0.0,138.39999077333397,Hold
2025-01-26 09:45:45.2846,107.6094,3,2076.0,107.59375,2441.0,107.625,0.03125,0.0,0.8504711180456899,Hold
2025-01-26 09:45:45.2907,107.6094,10,10.0,107.609375,2395.0,107.625,0.015625,0.0,0.004175365342724274,Hold
2025-01-26 09:45:45.8625,107.6094,1,2064.0,107.59375,72.0,107.609375,0.015625,0.0,28.666666268518526,Hold
2025-01-26 09:45:45.8626,107.6094,21,2064.0,107.59375,21.0,107.609375,0.015625,0.0,98.28570960544239,Hold
2025-01-26 09:45:45.8629,107.6094,19,1.0,107.609375,2540.0,107.625,0.015625,0.0,0.0003937007872465745,Hold
2025-01-26 09:45:45.8647,107.6094,1,24.0,107.609375,2407.0,107.625,0.015625,0.0,0.009970918151237674,Hold
2025-01-26 09:45:45.8649,107.6094,3,25.0,107.609375,2406.0,107.625,0.015625,0.0,0.010390689937493479,Hold
2025-01-26 09:45:45.8651,107.6094,20,24.0,107.609375,2400.0,107.625,0.015625,0.0,0.009999999995833333,Hold
2025-01-26 09:45:45.8652,107.6094,1,4.0,107.609375,2400.0,107.625,0.015625,0.0,0.0016666666659722223,Hold
2025-01-26 09:45:45.8652,107.6094,1,3.0,107.609375,2400.0,107.625,0.015625,0.0,0.0012499999994791666,Hold
2025-01-26 09:45:45.8654,107.6094,1,2165.0,107.59375,7.0,107.609375,0.015625,0.0,309.2856701020471,Hold
2025-01-26 09:45:45.8658,107.6094,1,2166.0,107.59375,74.0,107.609375,0.015625,0.0,29.270269874726083,Hold
2025-01-26 09:45:45.8661,107.6094,1,2166.0,107.59375,121.0,107.609375,0.015625,0.0,17.900826298340277,Hold
2025-01-26 09:45:45.8692,107.6094,20,2085.0,107.59375,79.0,107.609375,0.015625,0.0,26.392404729210067,Hold
2025-01-26 09:45:45.8694,107.6094,1,2085.0,107.59375,59.0,107.609375,0.015625,0.0,35.338982451881655,Hold
2025-01-26 09:45:45.8695,107.6094,1,2086.0,107.59375,57.0,107.609375,0.015625,0.0,36.59649058602648,Hold
2025-01-26 09:45:45.9547,107.6094,31,2088.0,107.59375,31.0,107.609375,0.015625,0.0,67.35483653694075,Hold
2025-01-26 09:45:45.9568,107.6094,5,19.0,107.609375,2355.0,107.625,0.015625,0.0,0.00806794054859111,Hold
2025-01-26 09:45:45.9569,107.6094,1,19.0,107.609375,2379.0,107.625,0.015625,0.0,0.007986548966798424,Hold
2025-01-26 09:45:45.9570,107.6094,8,2167.0,107.59375,2379.0,107.625,0.03125,0.0,0.9108869268974835,Hold
2025-01-26 09:45:45.9577,107.6094,1,2168.0,107.59375,88.0,107.609375,0.015625,0.0,24.636363356404964,Hold
2025-01-26 09:45:45.9579,107.6094,1,2168.0,107.59375,1.0,107.609375,0.015625,0.0,2167.9978320021683,Hold
2025-01-26 09:45:45.9582,107.6094,1,1.0,107.609375,2379.0,107.625,0.015625,0.0,0.000420344682463075,Hold
2025-01-26 09:45:45.9635,107.6094,3,2085.0,107.59375,3.0,107.609375,0.015625,0.0,694.9997683334105,Hold
2025-01-26 09:45:46.0918,107.6094,1,3.0,107.609375,2372.0,107.625,0.015625,0.0,0.0012647554800738806,Hold
2025-01-26 09:45:46.0920,107.6094,2,2.0,107.609375,2372.0,107.625,0.015625,0.0,0.0008431703200492537,Hold
2025-01-26 09:45:46.5434,107.6094,1,2068.0,107.59375,217.0,107.609375,0.015625,0.0,9.529953873133854,Hold
2025-01-26 09:45:46.5438,107.6094,212,2068.0,107.59375,217.0,107.609375,0.015625,0.0,9.529953873133854,Hold
2025-01-26 09:45:46.6332,107.6094,4,103.0,107.609375,2402.0,107.625,0.015625,0.0,0.042880932538350985,Hold
2025-01-26 09:45:46.6335,107.6094,1,26.0,107.609375,2402.0,107.625,0.015625,0.0,0.010824313067933258,Hold
2025-01-26 09:45:48.7673,107.6094,10,1490.0,107.609375,1536.0,107.625,0.015625,0.0,0.9700520827017889,Hold
2025-01-26 09:45:50.1403,107.625,2,1570.0,107.609375,1371.0,107.625,0.015625,0.0015600000000119962,1.1451495250582424,Buy
2025-01-26 09:45:50.8897,107.6094,11,1458.0,107.609375,1781.0,107.625,0.015625,0.0,0.8186412123421442,Hold
2025-01-26 09:45:51.3544,107.6094,9,268.0,107.609375,1823.0,107.625,0.015625,0.0,0.14701042230004913,Hold
2025-01-26 09:45:51.3750,107.625,100,410.0,107.609375,1908.0,107.625,0.015625,0.0015599999999835745,0.21488469590414846,Hold
2025-01-26 09:45:51.3899,107.6094,1,736.0,107.609375,1848.0,107.625,0.015625,0.0,0.39826839805288505,Hold
2025-01-26 09:45:52.3945,107.6094,500,920.0,107.609375,1455.0,107.625,0.015625,0.0,0.6323024050637096,Hold
2025-01-26 09:45:52.3968,107.6094,1,383.0,107.609375,1474.0,107.625,0.015625,0.0,0.25983717757134517,Hold
2025-01-26 09:45:52.3999,107.6094,195,409.0,107.609375,1487.0,107.625,0.015625,0.0,0.2750504369367515,Hold
2025-01-26 09:45:52.4029,107.6094,5,130.0,107.609375,1906.0,107.625,0.015625,0.0,0.0682056662811093,Hold
2025-01-26 09:45:52.4030,107.6094,1,124.0,107.609375,1907.0,107.625,0.015625,0.0,0.06502359723910665,Hold
2025-01-26 09:45:52.4030,107.6094,1,123.0,107.609375,1907.0,107.625,0.015625,-0.0015599999999835745,0.06449921339040418,Sell
2025-01-26 09:45:52.4033,107.6094,1,102.0,107.609375,1907.0,107.625,0.015625,0.0,0.05348715256765225,Hold
2025-01-26 09:45:52.4047,107.6094,4,374.0,107.609375,1913.0,107.625,0.015625,0.0,0.19550444318060403,Hold
2025-01-26 09:45:53.0058,107.6094,1,347.0,107.609375,1886.0,107.625,0.015625,-0.0015600000000119962,0.183987274557801,Sell
2025-01-26 09:45:53.0159,107.6094,21,68.0,107.609375,1928.0,107.625,0.015625,0.0,0.03526970952527504,Hold
2025-01-26 09:45:53.0164,107.6094,1,88.0,107.609375,1928.0,107.625,0.015625,0.0,0.04564315350329712,Hold
2025-01-26 09:45:53.0164,107.6094,13,87.0,107.609375,1928.0,107.625,0.015625,0.0,0.045124481304396016,Hold
2025-01-26 09:45:53.0164,107.6094,7,67.0,107.609375,1928.0,107.625,0.015625,0.0,0.03475103732637394,Hold
2025-01-26 09:45:53.0165,107.6094,1,67.0,107.609375,1928.0,107.625,0.015625,0.0,0.03475103732637394,Hold
2025-01-26 09:45:53.0165,107.6094,7,66.0,107.609375,1928.0,107.625,0.015625,0.0,0.03423236512747284,Hold
2025-01-26 09:45:53.0165,107.6094,1,59.0,107.609375,1928.0,107.625,0.015625,0.0,0.030601659735165113,Hold
2025-01-26 09:45:53.0168,107.6094,15,58.0,107.609375,1928.0,107.625,0.015625,0.0,0.030082987536264007,Hold
2025-01-26 09:45:53.0168,107.6094,1,40.0,107.609375,1928.0,107.625,0.015625,0.0,0.020746887956044145,Hold
2025-01-26 09:45:53.0170,107.6094,1,53.0,107.609375,1928.0,107.625,0.015625,0.0,0.027489626541758492,Hold
2025-01-26 09:45:53.0174,107.6094,1,144.0,107.609375,1928.0,107.625,0.015625,0.0,0.07468879664175893,Hold
2025-01-26 09:45:53.0174,107.6094,1,143.0,107.609375,1929.0,107.625,0.015625,0.0,0.07413167440428632,Hold
2025-01-26 09:45:53.5568,107.6094,362,362.0,107.609375,1900.0,107.625,0.015625,0.0,0.19052631568919667,Hold
2025-01-26 09:45:55.0437,107.6094,1,2042.0,107.59375,979.0,107.609375,0.015625,0.0,2.085801836480284,Hold
2025-01-26 09:45:55.6371,107.6094,4,2079.0,107.59375,455.0,107.609375,0.015625,0.0,4.569230759188504,Hold
2025-01-26 09:45:55.6371,107.6094,5,2079.0,107.59375,446.0,107.609375,0.015625,0.0,4.661434967126827,Hold
2025-01-26 09:45:55.6371,107.6094,33,2079.0,107.59375,413.0,107.609375,0.015625,0.0,5.03389829289613,Hold
2025-01-26 09:45:55.6372,107.6094,14,2079.0,107.59375,399.0,107.609375,0.015625,0.0,5.210526302730511,Hold
2025-01-26 09:45:55.6372,107.6094,1,2079.0,107.59375,399.0,107.609375,0.015625,0.0,5.210526302730511,Hold
2025-01-26 09:45:55.6372,107.6094,6,2079.0,107.59375,392.0,107.609375,0.015625,0.0,5.30357141504191,Hold
2025-01-26 09:45:55.6375,107.6094,3,2079.0,107.59375,391.0,107.609375,0.015625,0.0,5.317135536273311,Hold
2025-01-26 09:45:55.6375,107.6094,20,2079.0,107.59375,368.0,107.609375,0.015625,0.0,5.649456506387346,Hold
2025-01-26 09:45:55.6375,107.6094,2,2079.0,107.59375,366.0,107.609375,0.015625,0.0,5.680327853332438,Hold
2025-01-26 09:45:55.6376,107.6094,65,2080.0,107.59375,301.0,107.609375,0.015625,0.0,6.9102989803644554,Hold
2025-01-26 09:45:55.6377,107.6094,1,2080.0,107.59375,300.0,107.609375,0.015625,0.0,6.933333310222222,Hold
2025-01-26 09:45:55.6378,107.6094,1,2081.0,107.59375,355.0,107.609375,0.015625,0.0,5.861971814473319,Hold
2025-01-26 09:45:55.6381,107.6094,1,2083.0,107.59375,378.0,107.609375,0.015625,0.0,5.510581996003752,Hold
2025-01-26 09:45:55.6381,107.6094,1,2084.0,107.59375,416.0,107.609375,0.015625,0.0,5.00961537257304,Hold
2025-01-26 09:45:58.5804,107.6094,1,2070.0,107.59375,429.0,107.609375,0.015625,0.0,4.825174813927331,Hold
2025-01-26 09:46:02.0181,107.6094,100,2088.0,107.59375,718.0,107.609375,0.015625,0.0,2.9080779903787213,Hold
2025-01-26 09:46:03.7189,107.5938,4,584.0,107.59375,1907.0,107.609375,0.015625,-0.0015600000000119962,0.30624016764224427,Sell
2025-01-26 09:46:03.7196,107.5938,3,481.0,107.59375,1903.0,107.609375,0.015625,-0.0015599999999835745,0.2527588017589286,Sell
2025-01-26 09:46:03.7265,107.5938,50,428.0,107.59375,1903.0,107.609375,0.015625,-0.0015599999999977854,0.22490803981875562,Sell
2025-01-26 09:46:03.7266,107.5938,1,377.0,107.59375,1903.0,107.609375,0.015625,-0.0015599999999977854,0.19810825002726837,Sell
2025-01-26 09:46:03.7268,107.5938,1,376.0,107.59375,1906.0,107.609375,0.015625,-0.0015599999999977854,0.19727177324382383,Sell
2025-01-26 09:46:03.7270,107.5938,2,374.0,107.59375,1906.0,107.609375,0.015625,-0.0015600000000119962,0.19622245530103752,Sell
2025-01-26 09:46:03.7270,107.5938,2,372.0,107.59375,1909.0,107.609375,0.015625,-0.0015599999999977854,0.1948664221085037,Sell
2025-01-26 09:46:03.7272,107.5938,4,372.0,107.59375,1909.0,107.609375,0.015625,-0.0015599999999977854,0.1948664221085037,Sell
2025-01-26 09:46:03.7278,107.5938,387,363.0,107.59375,1909.0,107.609375,0.015625,-0.0015599999999977854,0.19015191189620118,Sell
2025-01-26 09:46:03.7287,107.5938,1,1.0,107.59375,1909.0,107.609375,0.015625,-0.0015599999999977854,0.0005238344680336121,Sell
2025-01-26 09:46:03.7288,107.5938,1,2391.0,107.578125,61.0,107.59375,0.015625,0.0,39.19672066890622,Hold
2025-01-26 09:46:03.7288,107.5938,39,2391.0,107.578125,61.0,107.59375,0.015625,0.0,39.19672066890622,Hold
2025-01-26 09:46:03.7318,107.5938,5,2672.0,107.578125,722.0,107.59375,0.015625,0.0,3.700831019804943,Hold
2025-01-26 09:46:03.7440,107.5938,41,2713.0,107.578125,82.0,107.59375,0.015625,0.0,33.08536545017847,Hold
2025-01-26 09:46:03.7441,107.5938,41,2713.0,107.578125,41.0,107.59375,0.015625,0.0,66.17073009339683,Hold
2025-01-26 09:46:03.7449,107.5938,4,115.0,107.59375,2504.0,107.609375,0.015625,0.0,0.045926517553543725,Hold
2025-01-26 09:46:03.7480,107.5938,1,534.0,107.59375,2379.0,107.609375,0.015625,0.0,0.22446406043528203,Hold
2025-01-26 09:46:03.7757,107.5938,1,518.0,107.59375,2329.0,107.609375,0.015625,0.0,0.2224130527168686,Hold
2025-01-26 09:46:03.7862,107.5938,62,210.0,107.59375,2374.0,107.609375,0.015625,0.0,0.08845829819357275,Hold
2025-01-26 09:46:03.7865,107.5938,1,122.0,107.59375,2376.0,107.609375,0.015625,0.0,0.05134680132519074,Hold
2025-01-26 09:46:03.7866,107.5938,1,121.0,107.59375,2376.0,107.609375,0.015625,0.0,0.05092592590449246,Hold
2025-01-26 09:46:03.7868,107.5938,14,115.0,107.59375,2376.0,107.609375,0.015625,0.0,0.048400673380302746,Hold
2025-01-26 09:46:03.7870,107.5938,68,101.0,107.59375,2376.0,107.609375,0.015625,0.0,0.042508417490526765,Hold
2025-01-26 09:46:03.7874,107.5938,4,29.0,107.59375,2376.0,107.609375,0.015625,0.0,0.012205387200250259,Hold
2025-01-26 09:46:03.7875,107.5938,1,28.0,107.59375,2376.0,107.609375,0.015625,0.0,0.011784511779551974,Hold
2025-01-26 09:46:03.7875,107.5938,1,27.0,107.59375,2376.0,107.609375,0.015625,0.0,0.01136363635885369,Hold
2025-01-26 09:46:03.7876,107.5938,1,26.0,107.59375,2376.0,107.609375,0.015625,0.0,0.010942760938155403,Hold
2025-01-26 09:46:03.7876,107.5938,7,19.0,107.59375,2376.0,107.609375,0.015625,0.0,0.007996632993267411,Hold
2025-01-26 09:46:03.7876,107.5938,1,19.0,107.59375,2376.0,107.609375,0.015625,0.0,0.007996632993267411,Hold
2025-01-26 09:46:03.7878,107.5938,1,72.0,107.59375,2376.0,107.609375,0.015625,0.0,0.030303030290276502,Hold
2025-01-26 09:46:03.7878,107.5938,1,71.0,107.59375,2376.0,107.609375,0.015625,0.0,0.02988215486957822,Hold
2025-01-26 09:46:03.7879,107.5938,1,70.0,107.59375,2376.0,107.609375,0.015625,0.0,0.029461279448879933,Hold
2025-01-26 09:46:03.7879,107.5938,1,70.0,107.59375,2377.0,107.609375,0.015625,0.0,0.02944888513695882,Hold
2025-01-26 09:46:03.7880,107.5938,9,60.0,107.59375,2377.0,107.609375,0.015625,0.0,0.025241901545964705,Hold
2025-01-26 09:46:03.7888,107.5938,1,281.0,107.59375,2377.0,107.609375,0.015625,0.0,0.1182162389069347,Hold
2025-01-26 09:46:04.0392,107.5938,1,16.0,107.59375,2379.0,107.609375,0.015625,0.0,0.0067255149194092,Hold
2025-01-26 09:46:04.0397,107.5938,13,16.0,107.59375,2379.0,107.609375,0.015625,0.0,0.0067255149194092,Hold
2025-01-26 09:46:04.0398,107.5938,3,3.0,107.59375,2379.0,107.609375,0.015625,0.0,0.001261034047389225,Hold
2025-01-26 09:46:04.1079,107.5938,1,2773.0,107.578125,80.0,107.59375,0.015625,0.0,34.66249956671876,Hold
2025-01-26 09:46:04.1081,107.5938,7,2773.0,107.578125,79.0,107.59375,0.015625,0.0,35.101265378464994,Hold
2025-01-26 09:46:04.1081,107.5938,31,2773.0,107.578125,72.0,107.59375,0.015625,0.0,38.513888353973776,Hold
2025-01-26 09:46:04.1082,107.5938,1,2773.0,107.578125,24.0,107.59375,0.015625,0.0,115.54166185243075,Hold
2025-01-26 09:46:04.1083,107.5938,2,2773.0,107.578125,22.0,107.59375,0.015625,0.0,126.04544881611595,Hold
2025-01-26 09:46:04.1083,107.5938,10,2773.0,107.578125,19.0,107.59375,0.015625,0.0,145.94736073961258,Hold
2025-01-26 09:46:04.1083,107.5938,3,2773.0,107.578125,19.0,107.59375,0.015625,0.0,145.94736073961258,Hold
2025-01-26 09:46:04.1084,107.5938,8,2773.0,107.578125,1.0,107.59375,0.015625,0.0,2772.9972270027733,Hold
2025-01-26 09:46:04.1085,107.5938,1,2773.0,107.578125,1.0,107.59375,0.015625,0.0,2772.9972270027733,Hold
2025-01-26 09:46:04.1087,107.5938,5,21.0,107.59375,2469.0,107.609375,0.015625,0.0,0.008505467797284137,Hold
2025-01-26 09:46:04.1088,107.5938,6,10.0,107.59375,2469.0,107.609375,0.015625,0.0,0.004050222760611494,Hold
2025-01-26 09:46:04.1088,107.5938,10,10.0,107.59375,2469.0,107.609375,0.015625,0.0,0.004050222760611494,Hold
2025-01-26 09:46:04.1093,107.5938,1,5.0,107.59375,2384.0,107.609375,0.015625,0.0,0.0020973154353618644,Hold
2025-01-26 09:46:04.1093,107.5938,1,3.0,107.59375,2384.0,107.609375,0.015625,0.0,0.0012583892612171186,Hold
2025-01-26 09:46:04.1094,107.5938,1,1.0,107.59375,2384.0,107.609375,0.015625,0.0,0.0004194630870723729,Hold
2025-01-26 09:46:04.1100,107.5938,4,2768.0,107.578125,4.0,107.59375,0.015625,0.0,691.9998270000432,Hold
2025-01-26 09:46:04.1103,107.5938,1,1.0,107.59375,2379.0,107.609375,0.015625,0.0,0.000420344682463075,Hold
2025-01-26 09:46:04.1109,107.5938,1,2768.0,107.578125,119.0,107.59375,0.015625,0.0,23.26050400621425,Hold
2025-01-26 09:46:04.1113,107.5938,5,2767.0,107.578125,53.0,107.59375,0.015625,0.0,52.20754618476328,Hold
2025-01-26 09:46:04.1117,107.5938,1,2774.0,107.578125,2.0,107.59375,0.015625,0.0,1386.9993065003466,Hold
2025-01-26 09:46:04.1120,107.5938,1,2.0,107.59375,2403.0,107.609375,0.015625,0.0,0.0008322929667780721,Hold
2025-01-26 09:46:04.1121,107.5938,5,1.0,107.59375,2403.0,107.609375,0.015625,0.0,0.00041614648338903604,Hold
2025-01-26 09:46:04.1122,107.5938,2,1.0,107.59375,2488.0,107.609375,0.015625,0.0,0.00040192926028861367,Hold
2025-01-26 09:46:04.1122,107.5938,1,1.0,107.59375,2488.0,107.609375,0.015625,0.0,0.00040192926028861367,Hold
2025-01-26 09:46:04.1122,107.5938,3,1.0,107.59375,2488.0,107.609375,0.015625,0.0,0.00040192926028861367,Hold
2025-01-26 09:46:04.1125,107.5938,1,2773.0,107.578125,6.0,107.59375,0.015625,0.0,462.1665896389017,Hold
2025-01-26 09:46:04.1125,107.5938,1,2773.0,107.578125,2464.0,107.609375,0.03125,0.0,1.1254058436991048,Hold
2025-01-26 09:46:04.1128,107.5938,6,3.0,107.59375,2379.0,107.609375,0.015625,0.0,0.001261034047389225,Hold
2025-01-26 09:46:04.1129,107.5938,1,3.0,107.59375,2379.0,107.609375,0.015625,0.0,0.001261034047389225,Hold
2025-01-26 09:46:04.1129,107.5938,2,2767.0,107.578125,28.0,107.59375,0.015625,0.0,98.82142504209196,Hold
2025-01-26 09:46:04.1129,107.5938,1,2767.0,107.578125,73.0,107.59375,0.015625,0.0,37.90410906980673,Hold
2025-01-26 09:46:04.1136,107.5938,1,122.0,107.59375,2464.0,107.609375,0.015625,0.0,0.04951298699289246,Hold
2025-01-26 09:46:04.1139,107.5938,9,113.0,107.59375,2404.0,107.609375,0.015625,0.0,0.04700499166097962,Hold
2025-01-26 09:46:04.1142,107.5938,1,123.0,107.59375,2489.0,107.609375,0.015625,0.0,0.0494174367017206,Hold
2025-01-26 09:46:04.1148,107.5938,1,74.0,107.59375,2404.0,107.609375,0.015625,0.0,0.03078202993727869,Hold
2025-01-26 09:46:04.1150,107.5938,27,129.0,107.59375,2404.0,107.609375,0.015625,0.0,0.05366056570147231,Hold
2025-01-26 09:46:04.1156,107.5938,1,31.0,107.59375,2382.0,107.609375,0.015625,0.0,0.013014273714099802,Hold
2025-01-26 09:46:04.1157,107.5938,22,33.0,107.59375,2406.0,107.609375,0.015625,0.0,0.013715710717491393,Hold
2025-01-26 09:46:04.1159,107.5938,1,12.0,107.59375,2406.0,107.609375,0.015625,0.0,0.00498753116999687,Hold
2025-01-26 09:46:04.1163,107.5938,11,16.0,107.59375,2406.0,107.609375,0.015625,0.0,0.006650041559995826,Hold
2025-01-26 09:46:04.1165,107.5938,1,5.0,107.59375,2406.0,107.609375,0.015625,0.0,0.002078137987498696,Hold
2025-01-26 09:46:04.1166,107.5938,4,4.0,107.59375,2406.0,107.609375,0.015625,0.0,0.0016625103899989566,Hold
2025-01-26 09:46:04.1169,107.5938,1,2767.0,107.578125,102.0,107.59375,0.015625,0.0,27.12745071443676,Hold
2025-01-26 09:46:05.6241,107.5781,2,564.0,107.578125,1632.0,107.59375,0.015625,-0.0015700000000009595,0.34558823508236014,Sell
2025-01-26 09:46:05.6241,107.5781,1,564.0,107.578125,1632.0,107.59375,0.015625,-0.0015700000000009595,0.34558823508236014,Sell
2025-01-26 09:46:05.6415,107.5781,95,95.0,107.578125,1694.0,107.59375,0.015625,-0.0015699999999867487,0.056080283319905375,Sell
2025-01-26 09:46:05.6417,107.5781,7,1.0,107.578125,1694.0,107.59375,0.015625,-0.0015700000000151704,0.0005903187717884777,Sell
2025-01-26 09:46:05.6418,107.5781,1,1.0,107.578125,1694.0,107.59375,0.015625,-0.0015700000000009595,0.0005903187717884777,Sell
2025-01-26 09:46:05.6419,107.5781,1,1.0,107.578125,1694.0,107.59375,0.015625,-0.0015699999999867487,0.0005903187717884777,Sell
2025-01-26 09:46:05.6419,107.5781,1,1.0,107.578125,1694.0,107.59375,0.015625,-0.0015700000000151704,0.0005903187717884777,Sell
2025-01-26 09:46:05.6420,107.5781,1,1.0,107.578125,1694.0,107.59375,0.015625,-0.0015699999999867487,0.0005903187717884777,Sell
2025-01-26 09:46:05.6420,107.5781,1,1.0,107.578125,1694.0,107.59375,0.015625,-0.0015700000000009595,0.0005903187717884777,Sell
2025-01-26 09:46:05.6421,107.5781,1,1.0,107.578125,1694.0,107.59375,0.015625,-0.0015700000000009595,0.0005903187717884777,Sell
2025-01-26 09:46:05.6421,107.5781,1,1.0,107.578125,1694.0,107.59375,0.015625,0.0,0.0005903187717884777,Hold
2025-01-26 09:46:05.6421,107.5781,1,1.0,107.578125,1694.0,107.59375,0.015625,0.0,0.0005903187717884777,Hold
2025-01-26 09:46:05.6422,107.5781,1,1.0,107.578125,1694.0,107.59375,0.015625,0.0,0.0005903187717884777,Hold
2025-01-26 09:46:05.6422,107.5781,1,1.0,107.578125,1694.0,107.59375,0.015625,0.0,0.0005903187717884777,Hold
2025-01-26 09:46:05.6422,107.5781,1,1.0,107.578125,1694.0,107.59375,0.015625,0.0,0.0005903187717884777,Hold
2025-01-26 09:46:05.6423,107.5781,1,1.0,107.578125,1694.0,107.59375,0.015625,0.0,0.0005903187717884777,Hold
2025-01-26 09:46:05.6423,107.5781,1,1.0,107.578125,1694.0,107.59375,0.015625,0.0,0.0005903187717884777,Hold
2025-01-26 09:46:05.6424,107.5781,1,1.0,107.578125,1694.0,107.59375,0.015625,0.0,0.0005903187717884777,Hold
2025-01-26 09:46:05.6424,107.5781,1,1.0,107.578125,1694.0,107.59375,0.015625,0.0,0.0005903187717884777,Hold
2025-01-26 09:46:05.6424,107.5781,1,1.0,107.578125,1694.0,107.59375,0.015625,0.0,0.0005903187717884777,Hold
2025-01-26 09:46:05.6425,107.5781,1,1.0,107.578125,1694.0,107.59375,0.015625,0.0,0.0005903187717884777,Hold
2025-01-26 09:46:05.6425,107.5781,1,1.0,107.578125,1694.0,107.59375,0.015625,0.0,0.0005903187717884777,Hold
2025-01-26 09:46:05.6426,107.5781,1,1.0,107.578125,1694.0,107.59375,0.015625,0.0,0.0005903187717884777,Hold
2025-01-26 09:46:05.6428,107.5781,17,3011.0,107.5625,18.0,107.578125,0.015625,0.0,167.2777684845684,Hold
2025-01-26 09:46:05.6439,107.5781,5,3251.0,107.5625,309.0,107.578125,0.015625,0.0,10.521035564656843,Hold
2025-01-26 09:46:05.6444,107.5781,19,3358.0,107.5625,166.0,107.578125,0.015625,0.0,20.228915540789664,Hold
2025-01-26 09:46:05.6445,107.5781,41,3358.0,107.5625,147.0,107.578125,0.015625,0.0,22.843537259567775,Hold
2025-01-26 09:46:05.6446,107.5781,1,3356.0,107.5625,69.0,107.578125,0.015625,0.0,48.637680454526375,Hold
2025-01-26 09:46:05.6447,107.5781,41,3356.0,107.5625,68.0,107.578125,0.015625,0.0,49.35294045069205,Hold
2025-01-26 09:46:05.6448,107.5781,1,3356.0,107.5625,27.0,107.578125,0.015625,0.0,124.29629169272994,Hold
2025-01-26 09:46:05.6448,107.5781,4,3357.0,107.5625,26.0,107.578125,0.015625,0.0,129.11537964940848,Hold
2025-01-26 09:46:05.6448,107.5781,22,3357.0,107.5625,22.0,107.578125,0.015625,0.0,152.590902154959,Hold
2025-01-26 09:46:05.6455,107.5781,1,265.0,107.578125,1787.0,107.59375,0.015625,0.0,0.14829322879222537,Hold
2025-01-26 09:46:05.6456,107.5781,1,265.0,107.578125,1787.0,107.59375,0.015625,0.0,0.14829322879222537,Hold
2025-01-26 09:46:05.6463,107.5781,1,168.0,107.578125,2182.0,107.59375,0.015625,0.0,0.07699358383272521,Hold
2025-01-26 09:46:05.6466,107.5781,1,168.0,107.578125,2198.0,107.59375,0.015625,0.0,0.07643312098433434,Hold
2025-01-26 09:46:05.6467,107.5781,1,167.0,107.578125,2198.0,107.59375,0.015625,0.0,0.07597816193085616,Hold
2025-01-26 09:46:05.6469,107.5781,1,166.0,107.578125,2198.0,107.59375,0.015625,0.0,0.07552320287737799,Hold
2025-01-26 09:46:05.6479,107.5781,5,360.0,107.578125,2112.0,107.59375,0.015625,0.0,0.1704545453738378,Hold
2025-01-26 09:46:05.6563,107.5781,1,529.0,107.578125,2129.0,107.59375,0.015625,0.0,0.24847346160240796,Hold
2025-01-26 09:46:05.6673,107.5781,1,539.0,107.578125,2104.0,107.59375,0.015625,0.0,0.2561787071025767,Hold
2025-01-26 09:46:06.3752,107.5781,1,358.0,107.578125,2094.0,107.59375,0.015625,0.0,0.17096466085436263,Hold
2025-01-26 09:46:06.3847,107.5781,80,189.0,107.578125,2094.0,107.59375,0.015625,0.0,0.09025787961305737,Hold
2025-01-26 09:46:06.3853,107.5781,45,109.0,107.578125,2094.0,107.59375,0.015625,0.0,0.05205348612604896,Hold
2025-01-26 09:46:06.4069,107.5781,93,3537.0,107.5625,98.0,107.578125,0.015625,0.0,36.09183636640984,Hold
2025-01-26 09:46:06.4096,107.5781,1,387.0,107.578125,2085.0,107.59375,0.015625,0.0,0.1856115107023446,Hold
2025-01-26 09:46:06.6700,107.5781,100,541.0,107.578125,2119.0,107.59375,0.015625,0.0,0.2553091079493586,Hold
2025-01-26 09:46:06.6702,107.5781,1,439.0,107.578125,2119.0,107.59375,0.015625,0.0,0.20717319480548693,Hold
2025-01-26 09:46:06.6703,107.5781,1,436.0,107.578125,2119.0,107.59375,0.015625,0.0,0.2057574326541966,Hold
2025-01-26 09:46:06.6703,107.5781,1,434.0,107.578125,2119.0,107.59375,0.015625,0.0,0.20481359122000303,Hold
2025-01-26 09:46:06.6703,107.5781,1,433.0,107.578125,2119.0,107.59375,0.015625,0.0,0.20434167050290625,Hold
2025-01-26 09:46:06.6704,107.5781,1,431.0,107.578125,2119.0,107.59375,0.015625,0.0,0.2033978290687127,Hold
2025-01-26 09:46:06.6704,107.5781,1,429.0,107.578125,2119.0,107.59375,0.015625,0.0,0.20245398763451913,Hold
2025-01-26 09:46:06.6705,107.5781,1,427.0,107.578125,2119.0,107.59375,0.015625,0.0,0.20151014620032556,Hold
2025-01-26 09:46:06.6705,107.5781,1,425.0,107.578125,2119.0,107.59375,0.015625,0.0,0.200566304766132,Hold
2025-01-26 09:46:06.6706,107.5781,1,422.0,107.578125,2119.0,107.59375,0.015625,0.0,0.19915054261484166,Hold
2025-01-26 09:46:06.6706,107.5781,1,421.0,107.578125,2119.0,107.59375,0.015625,0.0,0.19867862189774488,Hold
2025-01-26 09:46:06.6707,107.5781,1,419.0,107.578125,2119.0,107.59375,0.015625,0.0,0.1977347804635513,Hold
2025-01-26 09:46:06.6707,107.5781,21,398.0,107.578125,2119.0,107.59375,0.015625,0.0,0.18782444540451892,Hold
2025-01-26 09:46:06.6708,107.5781,9,389.0,107.578125,2119.0,107.59375,0.015625,0.0,0.18357715895064788,Hold
2025-01-26 09:46:06.6723,107.5781,64,96.0,107.578125,2119.0,107.59375,0.015625,0.0,0.045304388841290996,Hold
2025-01-26 09:46:06.6725,107.5781,1,71.0,107.578125,2119.0,107.59375,0.015625,0.0,0.033506370913871465,Hold
2025-01-26 09:46:06.6728,107.5781,25,70.0,107.578125,2119.0,107.59375,0.015625,0.0,0.03303445019677468,Hold
2025-01-26 09:46:06.6728,107.5781,1,43.0,107.578125,2119.0,107.59375,0.015625,0.0,0.020292590835161592,Hold
2025-01-26 09:46:06.6730,107.5781,1,44.0,107.578125,2120.0,107.59375,0.015625,0.0,0.020754716971342117,Hold
2025-01-26 09:46:06.6731,107.5781,44,44.0,107.578125,2120.0,107.59375,0.015625,0.0,0.020754716971342117,Hold
2025-01-26 09:46:06.6732,107.5781,1,3470.0,107.5625,1.0,107.578125,0.015625,0.0,3469.99653000347,Hold
2025-01-26 09:46:06.6733,107.5781,1,25.0,107.578125,2120.0,107.59375,0.015625,0.0,0.011792452824626203,Hold
2025-01-26 09:46:06.6733,107.5781,6,18.0,107.578125,2120.0,107.59375,0.015625,0.0,0.008490566033730865,Hold
2025-01-26 09:46:06.6733,107.5781,18,3470.0,107.5625,2120.0,107.59375,0.03125,0.0,1.636792452058117,Hold
2025-01-26 09:46:06.6747,107.5781,1,3393.0,107.5625,154.0,107.578125,0.015625,0.0,22.032467389399564,Hold
2025-01-26 09:46:06.6748,107.5781,1,3393.0,107.5625,152.0,107.578125,0.015625,0.0,22.322368274194947,Hold
2025-01-26 09:46:06.6750,107.5781,1,3387.0,107.5625,107.0,107.578125,0.015625,0.0,31.65420531164294,Hold
2025-01-26 09:46:06.6757,107.5781,35,3382.0,107.5625,35.0,107.578125,0.015625,0.0,96.62856866775519,Hold
2025-01-26 09:46:06.6758,107.5781,6,3388.0,107.5625,6.0,107.578125,0.015625,0.0,564.6665725555712,Hold
2025-01-26 09:46:06.6759,107.5781,4,4.0,107.578125,2214.0,107.59375,0.015625,0.0,0.0018066847326979744,Hold
2025-01-26 09:46:06.6759,107.5781,4,4.0,107.578125,2214.0,107.59375,0.015625,0.0,0.0018066847326979744,Hold
2025-01-26 09:46:06.6761,107.5781,1,3388.0,107.5625,21.0,107.578125,0.015625,0.0,161.333325650794,Hold
2025-01-26 09:46:06.6761,107.5781,1,3388.0,107.5625,21.0,107.578125,0.015625,0.0,161.333325650794,Hold
2025-01-26 09:46:06.6762,107.5781,5,3388.0,107.5625,5.0,107.578125,0.015625,0.0,677.5998644800271,Hold
2025-01-26 09:46:06.6763,107.5781,1,138.0,107.578125,2214.0,107.59375,0.015625,0.0,0.062330623278080116,Hold
2025-01-26 09:46:06.6770,107.5781,5,99.0,107.578125,2129.0,107.59375,0.015625,0.0,0.04650070453428807,Hold
2025-01-26 09:46:06.6771,107.5781,1,110.0,107.578125,2129.0,107.59375,0.015625,0.0,0.0516674494825423,Hold
2025-01-26 09:46:06.6782,107.5781,1,67.0,107.578125,2099.0,107.59375,0.015625,0.0,0.03191996187140545,Hold
2025-01-26 09:46:07.1578,107.5781,3,165.0,107.578125,2113.0,107.59375,0.015625,0.0,0.07808802646564694,Hold
2025-01-26 09:46:07.1580,107.5781,1,162.0,107.578125,2113.0,107.59375,0.015625,0.0,0.07666824416627153,Hold
2025-01-26 09:46:07.1624,107.5781,1,284.0,107.578125,2133.0,107.59375,0.015625,0.0,0.13314580396945813,Hold
2025-01-26 09:46:07.8590,107.5781,5,223.0,107.578125,2113.0,107.59375,0.015625,0.0,0.10553715092023798,Hold
2025-01-26 09:46:07.9700,107.5938,250,179.0,107.578125,2113.0,107.59375,0.015625,0.0015700000000009595,0.08471367719606547,Hold
2025-01-26 09:46:09.1558,107.5781,1,327.0,107.578125,2053.0,107.59375,0.015625,0.0,0.15927910367302528,Hold
2025-01-26 09:46:09.3419,107.5781,1,316.0,107.578125,2063.0,107.59375,0.015625,0.0,0.153174987807477,Hold
2025-01-26 09:46:10.8830,107.5781,1,519.0,107.578125,2066.0,107.59375,0.015625,0.0,0.25121006764220233,Hold
2025-01-26 09:46:12.0387,107.5781,400,597.0,107.578125,2062.0,107.59375,0.015625,0.0,0.28952473312826155,Hold
2025-01-26 09:46:12.0391,107.5781,1,196.0,107.578125,2062.0,107.59375,0.015625,0.0,0.09505334621966376,Hold
2025-01-26 09:46:12.0392,107.5781,60,136.0,107.578125,2062.0,107.59375,0.015625,0.0,0.06595538309119527,Hold
2025-01-26 09:46:12.0396,107.5781,131,136.0,107.578125,2062.0,107.59375,0.015625,0.0,0.06595538309119527,Hold
2025-01-26 09:46:12.0439,107.5781,2,3402.0,107.5625,627.0,107.578125,0.015625,0.0,5.425837311920515,Hold
2025-01-26 09:46:12.6022,107.5625,50,3218.0,107.5625,1519.0,107.578125,0.015625,-0.0015599999999977854,2.118499011113562,Hold
2025-01-26 09:46:16.6288,107.5625,1,856.0,107.5625,2216.0,107.578125,0.015625,-0.003129999999998745,0.38628158827333864,Sell
2025-01-26 09:46:16.6289,107.5625,2,852.0,107.5625,2221.0,107.578125,0.015625,-0.0015599999999977854,0.38361098586960335,Sell
2025-01-26 09:46:16.6291,107.5625,35,792.0,107.5625,2226.0,107.578125,0.015625,-0.0015599999999977854,0.35579514808814233,Sell
2025-01-26 09:46:16.6291,107.5625,1,791.0,107.5625,2226.0,107.578125,0.015625,-0.0015600000000119962,0.35534591179005126,Sell
2025-01-26 09:46:16.6292,107.5625,1,790.0,107.5625,2226.0,107.578125,0.015625,-0.0015599999999977854,0.3548966754919602,Sell
2025-01-26 09:46:16.6292,107.5625,7,790.0,107.5625,2226.0,107.578125,0.015625,-0.0015599999999977854,0.3548966754919602,Sell
2025-01-26 09:46:16.6293,107.5625,3,783.0,107.5625,2230.0,107.578125,0.015625,-0.0015599999999977854,0.35112107607573045,Sell
2025-01-26 09:46:16.6294,107.5625,2,778.0,107.5625,2230.0,107.578125,0.015625,-0.0015600000000119962,0.3488789236103682,Sell
2025-01-26 09:46:16.6295,107.5625,24,778.0,107.5625,2230.0,107.578125,0.015625,-0.0015599999999977854,0.3488789236103682,Sell
2025-01-26 09:46:16.6295,107.5625,1,753.0,107.5625,2230.0,107.578125,0.015625,0.0,0.3376681612835569,Hold
2025-01-26 09:46:16.6296,107.5625,2,751.0,107.5625,2230.0,107.578125,0.015625,0.0,0.336771300297412,Hold
2025-01-26 09:46:16.6298,107.5625,1,751.0,107.5625,2223.0,107.578125,0.015625,0.0,0.3378317587324194,Hold
2025-01-26 09:46:16.6322,107.5625,1,610.0,107.5625,2220.0,107.578125,0.015625,0.0,0.27477477465100236,Hold
2025-01-26 09:46:18.0175,107.5781,15,2017.0,107.5625,1399.0,107.578125,0.015625,0.0015599999999977854,1.4417441019001114,Buy
2025-01-26 09:46:18.6297,107.5625,20,2028.0,107.5625,1350.0,107.578125,0.015625,0.0,1.502222221109465,Hold
2025-01-26 09:46:20.6192,107.5781,2,2210.0,107.5625,333.0,107.578125,0.015625,0.0015600000000119962,6.636636616706797,Buy
2025-01-26 09:46:20.6194,107.5781,1,2210.0,107.5625,325.0,107.578125,0.015625,0.0015599999999977854,6.799999979076923,Buy
2025-01-26 09:46:20.6195,107.5781,52,2210.0,107.5625,324.0,107.578125,0.015625,0.0015599999999977854,6.820987633268556,Buy
2025-01-26 09:46:20.6195,107.5781,35,2210.0,107.5625,272.0,107.578125,0.015625,0.0015599999999977854,8.124999970128677,Buy
2025-01-26 09:46:20.6196,107.5781,4,2226.0,107.5625,233.0,107.578125,0.015625,0.0015600000000119962,9.553648027666746,Buy
2025-01-26 09:46:20.6197,107.5781,5,2226.0,107.5625,228.0,107.578125,0.015625,0.0015599999999977854,9.763157851915974,Buy
2025-01-26 09:46:20.6198,107.5781,3,2226.0,107.5625,225.0,107.578125,0.015625,0.0015599999999977854,9.893333289362964,Buy
2025-01-26 09:46:20.6200,107.5781,2,2226.0,107.5625,223.0,107.578125,0.015625,0.0015599999999835745,9.982062735506446,Buy
2025-01-26 09:46:20.6200,107.5781,2,2226.0,107.5625,223.0,107.578125,0.015625,0.0,9.982062735506446,Hold
2025-01-26 09:46:20.6203,107.5781,3,2228.0,107.5625,187.0,107.578125,0.015625,0.0015600000000119962,11.914438438960222,Buy
2025-01-26 09:46:20.6205,107.5781,1,2233.0,107.5625,185.0,107.578125,0.015625,0.0,12.070270205025567,Hold
2025-01-26 09:46:20.6207,107.5781,1,2234.0,107.5625,185.0,107.578125,0.015625,0.0,12.075675610401754,Hold
2025-01-26 09:46:20.6207,107.5781,1,2234.0,107.5625,183.0,107.578125,0.015625,0.0,12.207650206515574,Hold
2025-01-26 09:46:20.6209,107.5781,1,2234.0,107.5625,182.0,107.578125,0.015625,0.0,12.27472520728173,Hold
2025-01-26 09:46:20.6216,107.5781,1,2230.0,107.5625,257.0,107.578125,0.015625,0.0,8.677042767793608,Hold
2025-01-26 09:46:20.7103,107.5781,6,2228.0,107.5625,603.0,107.578125,0.015625,0.0,3.694859032015159,Hold
2025-01-26 09:46:20.7104,107.5781,4,2226.0,107.5625,597.0,107.578125,0.015625,0.0,3.7286432098347686,Hold
2025-01-26 09:46:22.1293,107.5781,1043,2120.0,107.5625,1039.0,107.578125,0.015625,0.0,2.040423482155511,Hold
2025-01-26 09:46:22.1340,107.5781,1,440.0,107.578125,3193.0,107.59375,0.015625,0.0,0.13780144060826763,Hold
2025-01-26 09:46:22.1459,107.5781,1,427.0,107.578125,3102.0,107.59375,0.015625,0.0,0.13765312697045354,Hold
2025-01-26 09:46:22.1953,107.5781,2,526.0,107.578125,3090.0,107.59375,0.015625,0.0,0.170226537161739,Hold
2025-01-26 09:46:23.0435,107.5781,1,545.0,107.578125,2988.0,107.59375,0.015625,0.0,0.18239625161231718,Hold
2025-01-26 09:46:24.9949,107.5781,6,528.0,107.578125,2710.0,107.59375,0.015625,0.0,0.19483394826758896,Hold
2025-01-26 09:46:26.1957,107.5781,50,718.0,107.578125,2680.0,107.59375,0.015625,0.0,0.26791044766122746,Hold
2025-01-26 09:46:26.3743,107.5781,5,402.0,107.578125,2725.0,107.59375,0.015625,0.0,0.14752293572567965,Hold
2025-01-26 09:46:32.4479,107.5938,5,2048.0,107.578125,1402.0,107.59375,0.015625,0.0015700000000009595,1.4607703270607915,Buy
2025-01-26 09:46:33.6257,107.5938,1,2327.0,107.578125,1182.0,107.59375,0.015625,0.0015700000000009595,1.968697121853894,Buy
2025-01-26 09:46:33.6312,107.5938,1,2327.0,107.578125,924.0,107.59375,0.015625,0.0015699999999867487,2.518398265672729,Buy
2025-01-26 09:46:33.7440,107.5938,1,2325.0,107.578125,1019.0,107.59375,0.015625,0.0015700000000151704,2.2816486729326315,Buy
2025-01-26 09:46:34.3731,107.5781,50,2353.0,107.578125,1029.0,107.59375,0.015625,0.0,2.2866861007903925,Hold
2025-01-26 09:46:34.4804,107.5938,1000,2177.0,107.578125,1090.0,107.59375,0.015625,0.0015699999999867487,1.9972477045896808,Buy
2025-01-26 09:46:34.4819,107.5938,1,2177.0,107.578125,91.0,107.59375,0.015625,0.0015700000000009595,23.92307666018597,Buy
2025-01-26 09:46:34.4821,107.5938,36,2177.0,107.578125,90.0,107.59375,0.015625,0.0015700000000151704,24.18888862012346,Buy
2025-01-26 09:46:34.4821,107.5938,1,2177.0,107.578125,52.0,107.59375,0.015625,0.0015699999999867487,41.86538381028108,Buy
2025-01-26 09:46:34.4822,107.5938,1,2177.0,107.578125,51.0,107.59375,0.015625,0.0015700000000009595,42.68627367281817,Buy
2025-01-26 09:46:34.4822,107.5938,1,2177.0,107.578125,50.0,107.59375,0.015625,0.0,43.53999912920002,Hold
2025-01-26 09:46:34.4823,107.5938,1,2177.0,107.578125,49.0,107.59375,0.015625,1.4210854715202004e-14,44.42857052186591,Buy
2025-01-26 09:46:34.4823,107.5938,1,2177.0,107.578125,49.0,107.59375,0.015625,-1.4210854715202004e-14,44.42857052186591,Hold
2025-01-26 09:46:34.4824,107.5938,1,2177.0,107.578125,47.0,107.59375,0.015625,0.0,46.31914795065643,Hold
2025-01-26 09:46:34.4824,107.5938,1,2177.0,107.578125,45.0,107.59375,0.015625,0.0015700000000009595,48.377776702716076,Buy
2025-01-26 09:46:34.4825,107.5938,1,2177.0,107.578125,44.0,107.59375,0.015625,0.0,49.47727160278929,Hold
2025-01-26 09:46:34.4825,107.5938,1,2177.0,107.578125,43.0,107.59375,0.015625,0.0,50.62790579935103,Hold
2025-01-26 09:46:34.4825,107.5938,1,2177.0,107.578125,42.0,107.59375,0.015625,0.0,51.83333209920638,Hold
2025-01-26 09:46:34.4826,107.5938,1,2177.0,107.578125,41.0,107.59375,0.015625,0.0,53.09755968054733,Hold
2025-01-26 09:46:34.4826,107.5938,1,2177.0,107.578125,40.0,107.59375,0.015625,0.0,54.42499863937504,Hold
2025-01-26 09:46:34.4826,107.5938,1,2177.0,107.578125,39.0,107.59375,0.015625,0.0,55.82051138921766,Hold
2025-01-26 09:46:34.4826,107.5938,1,2177.0,107.578125,38.0,107.59375,0.015625,0.0,57.28947217659284,Hold
2025-01-26 09:46:34.4827,107.5938,1,2177.0,107.578125,37.0,107.59375,0.015625,0.0,58.83783624762605,Hold
2025-01-26 09:46:34.4827,107.5938,1,2177.0,107.578125,36.0,107.59375,0.015625,0.0,60.47222054243832,Hold
2025-01-26 09:46:34.4827,107.5938,1,2177.0,107.578125,35.0,107.59375,0.015625,0.0,62.1999982228572,Hold
2025-01-26 09:46:34.4827,107.5938,1,2177.0,107.578125,34.0,107.59375,0.015625,0.0,64.02940988148795,Hold
2025-01-26 09:46:34.4828,107.5938,1,2177.0,107.578125,33.0,107.59375,0.015625,0.0,65.96969497061531,Hold
2025-01-26 09:46:34.4828,107.5938,1,2177.0,107.578125,32.0,107.59375,0.015625,0.0,68.0312478740235,Hold
2025-01-26 09:46:34.4829,107.5938,1,2177.0,107.578125,31.0,107.59375,0.015625,0.0,70.22580418626438,Hold
2025-01-26 09:46:34.4830,107.5938,16,2177.0,107.578125,15.0,107.59375,0.015625,0.0,145.13332365777842,Hold
2025-01-26 09:46:34.4831,107.5938,1,2177.0,107.578125,14.0,107.59375,0.015625,0.0,155.49998889285794,Hold
2025-01-26 09:46:34.4832,107.5938,63,2177.0,107.578125,13.0,107.59375,0.015625,0.0,167.46152557988265,Hold
2025-01-26 09:46:34.4832,107.5938,1,2177.0,107.578125,13.0,107.59375,0.015625,0.0,167.46152557988265,Hold
2025-01-26 09:46:34.4833,107.5938,1,2177.0,107.578125,1.0,107.59375,0.015625,0.0,2176.997823002177,Hold
2025-01-26 09:46:34.4835,107.5938,2,2177.0,107.578125,1.0,107.59375,0.015625,0.0,2176.997823002177,Hold
2025-01-26 09:46:34.4837,107.5938,27,2177.0,107.578125,1.0,107.59375,0.015625,0.0,2176.997823002177,Hold
2025-01-26 09:46:34.4838,107.5938,65,2177.0,107.578125,1.0,107.59375,0.015625,0.0,2176.997823002177,Hold
2025-01-26 09:46:34.4839,107.5938,1,2177.0,107.578125,1.0,107.59375,0.015625,0.0,2176.997823002177,Hold
2025-01-26 09:46:34.4840,107.5938,9,2178.0,107.578125,1.0,107.59375,0.015625,0.0,2177.997822002178,Hold
2025-01-26 09:46:34.4844,107.5938,23,2178.0,107.578125,1.0,107.59375,0.015625,0.0,2177.997822002178,Hold
2025-01-26 09:46:34.4845,107.5938,66,2178.0,107.578125,1.0,107.59375,0.015625,0.0,2177.997822002178,Hold
2025-01-26 09:46:34.4846,107.5938,7,2178.0,107.578125,1.0,107.59375,0.015625,0.0,2177.997822002178,Hold
2025-01-26 09:46:34.4847,107.5938,40,2178.0,107.578125,1.0,107.59375,0.015625,0.0,2177.997822002178,Hold
2025-01-26 09:46:34.4855,107.5938,20,2183.0,107.578125,1.0,107.59375,0.015625,0.0,2182.997817002183,Hold
2025-01-26 09:46:34.4859,107.5938,1,2199.0,107.578125,1.0,107.59375,0.015625,0.0,2198.997801002199,Hold
2025-01-26 09:46:34.4863,107.5938,2,2199.0,107.578125,26.0,107.59375,0.015625,0.0,84.57691982396462,Hold
2025-01-26 09:46:34.4864,107.5938,1,2199.0,107.578125,24.0,107.59375,0.015625,0.0,91.62499618229182,Hold
2025-01-26 09:46:34.4865,107.5938,41,2199.0,107.578125,23.0,107.59375,0.015625,0.0,95.60869149527427,Hold
2025-01-26 09:46:34.4866,107.5938,4,2199.0,107.578125,3.0,107.59375,0.015625,0.0,732.9997556667481,Hold
2025-01-26 09:46:34.4868,107.5938,41,2199.0,107.578125,4.0,107.59375,0.015625,0.0,549.7498625625343,Hold
2025-01-26 09:46:34.4870,107.5938,41,2199.0,107.578125,1.0,107.59375,0.015625,0.0,2198.997801002199,Hold
2025-01-26 09:46:34.4875,107.5938,91,2206.0,107.578125,53.0,107.59375,0.015625,0.0,41.62264072410112,Hold
2025-01-26 09:46:34.4875,107.5938,5,2206.0,107.578125,1.0,107.59375,0.015625,0.0,2205.9977940022063,Hold
2025-01-26 09:46:34.4876,107.5938,1,2206.0,107.578125,1.0,107.59375,0.015625,0.0,2205.9977940022063,Hold
2025-01-26 09:46:34.4876,107.5938,1,2206.0,107.578125,1.0,107.59375,0.015625,0.0,2205.9977940022063,Hold
2025-01-26 09:46:34.4877,107.5938,2,2205.0,107.578125,1.0,107.59375,0.015625,0.0,2204.9977950022053,Hold
2025-01-26 09:46:34.4878,107.5938,1,2205.0,107.578125,1.0,107.59375,0.015625,0.0,2204.9977950022053,Hold
2025-01-26 09:46:34.4880,107.5938,3,2205.0,107.578125,1.0,107.59375,0.015625,0.0,2204.9977950022053,Hold
2025-01-26 09:46:34.4881,107.5938,1,2205.0,107.578125,25.0,107.59375,0.015625,0.0,88.19999647200014,Hold
2025-01-26 09:46:34.4887,107.5938,1,2201.0,107.578125,4.0,107.59375,0.015625,0.0,550.2498624375344,Hold
2025-01-26 09:46:34.4888,107.5938,2,2201.0,107.578125,2.0,107.59375,0.015625,0.0,1100.499449750275,Hold
2025-01-26 09:46:34.4890,107.5938,1,2222.0,107.578125,2.0,107.59375,0.015625,0.0,1110.9994445002776,Hold
2025-01-26 09:46:34.4893,107.5938,91,2222.0,107.578125,1.0,107.59375,0.015625,0.0,2221.9977780022223,Hold
2025-01-26 09:46:34.4895,107.5938,1,2222.0,107.578125,1.0,107.59375,0.015625,0.0,2221.9977780022223,Hold
2025-01-26 09:46:34.4896,107.5938,1,2222.0,107.578125,1.0,107.59375,0.015625,0.0,2221.9977780022223,Hold
2025-01-26 09:46:34.4897,107.5938,3,2222.0,107.578125,1.0,107.59375,0.015625,0.0,2221.9977780022223,Hold
2025-01-26 09:46:34.4904,107.5938,5,2238.0,107.578125,1.0,107.59375,0.015625,0.0,2237.9977620022382,Hold
2025-01-26 09:46:34.4905,107.5938,56,2238.0,107.578125,1.0,107.59375,0.015625,0.0,2237.9977620022382,Hold
2025-01-26 09:46:34.4906,107.5938,1,2238.0,107.578125,1.0,107.59375,0.015625,0.0,2237.9977620022382,Hold
2025-01-26 09:46:34.4907,107.5938,6,2238.0,107.578125,1.0,107.59375,0.015625,0.0,2237.9977620022382,Hold
2025-01-26 09:46:34.4909,107.5938,54,2238.0,107.578125,1.0,107.59375,0.015625,0.0,2237.9977620022382,Hold
2025-01-26 09:46:34.4916,107.5938,1,2234.0,107.578125,2.0,107.59375,0.015625,0.0,1116.999441500279,Hold
2025-01-26 09:46:34.4922,107.5938,1,2181.0,107.578125,57.0,107.59375,0.015625,0.0,38.26315722345338,Hold
2025-01-26 09:46:34.4937,107.5938,135,2184.0,107.578125,414.0,107.59375,0.015625,0.0,5.275362306098159,Hold
2025-01-26 09:46:34.4954,107.5938,25,2279.0,107.578125,352.0,107.59375,0.015625,0.0,6.474431799788546,Hold
2025-01-26 09:46:34.4968,107.5938,1,2281.0,107.578125,354.0,107.59375,0.015625,0.0,6.443502806656772,Hold
2025-01-26 09:46:34.4968,107.5938,2,2281.0,107.578125,353.0,107.59375,0.015625,0.0,6.461756355632418,Hold
2025-01-26 09:46:34.4986,107.5938,2,2261.0,107.578125,668.0,107.59375,0.015625,0.0,3.3847305338551936,Hold
2025-01-26 09:46:35.8570,107.5938,1,1911.0,107.578125,1399.0,107.59375,0.015625,0.0,1.3659756959499816,Hold
2025-01-26 09:46:42.1152,107.5938,2,1074.0,107.578125,2087.0,107.59375,0.015625,0.0,0.5146142786226093,Hold
2025-01-26 09:46:43.0476,107.5781,250,903.0,107.578125,2085.0,107.59375,0.015625,-0.0015699999999867487,0.43309352497213743,Sell
2025-01-26 09:46:43.0487,107.5781,64,653.0,107.578125,2085.0,107.59375,0.015625,-0.0015700000000151704,0.31318944829103623,Sell
2025-01-26 09:46:43.0493,107.5781,1,686.0,107.578125,2093.0,107.59375,0.015625,-0.0015700000000151704,0.32775919716781693,Sell
2025-01-26 09:46:43.0503,107.5781,8,692.0,107.578125,2103.0,107.59375,0.015625,-0.0015699999999867487,0.3290537326062512,Sell
2025-01-26 09:46:43.7725,107.5781,1000,992.0,107.578125,2129.0,107.59375,0.015625,-0.0015700000000009595,0.46594645351529057,Sell
2025-01-26 09:46:43.7748,107.5781,92,2886.0,107.5625,2129.0,107.59375,0.03125,-0.0015699999999867487,1.355565992787428,Hold
2025-01-26 09:46:43.7774,107.5781,2,2832.0,107.5625,265.0,107.578125,0.015625,-0.0015699999999867487,10.68679241250267,Hold
2025-01-26 09:46:43.7791,107.5781,1,2812.0,107.5625,482.0,107.578125,0.015625,-0.0015700000000151704,5.834024884161774,Hold
2025-01-26 09:46:43.7793,107.5781,16,2806.0,107.5625,431.0,107.578125,0.015625,-0.0015700000000009595,6.51044082016139,Hold
2025-01-26 09:46:43.7794,107.5781,18,2806.0,107.5625,342.0,107.578125,0.015625,-0.0015700000000009595,8.204678338582813,Hold
2025-01-26 09:46:43.7796,107.5781,4,2799.0,107.5625,338.0,107.578125,0.015625,0.0,8.281065064257204,Hold
2025-01-26 09:46:43.7815,107.5781,41,2802.0,107.5625,400.0,107.578125,0.015625,0.0,7.0049999824875,Hold
2025-01-26 09:46:43.7817,107.5781,4,2802.0,107.5625,362.0,107.578125,0.015625,0.0,7.740331470330576,Hold
2025-01-26 09:46:43.7823,107.5781,96,2802.0,107.5625,376.0,107.578125,0.015625,0.0,7.45212763975498,Hold
2025-01-26 09:46:43.7844,107.5781,42,2852.0,107.5625,128.0,107.578125,0.015625,0.0,22.281249825927738,Hold
2025-01-26 09:46:43.7845,107.5781,50,2848.0,107.5625,86.0,107.578125,0.015625,0.0,33.116278684694436,Hold
2025-01-26 09:46:43.7846,107.5781,36,2848.0,107.5625,36.0,107.578125,0.015625,0.0,79.11110891358031,Hold
2025-01-26 09:46:43.7849,107.5781,3,14.0,107.578125,3302.0,107.59375,0.015625,0.0,0.0042398546322713945,Hold
2025-01-26 09:46:43.7850,107.5781,10,11.0,107.578125,3299.0,107.59375,0.015625,0.0,0.003334343739516719,Hold
2025-01-26 09:46:43.7853,107.5781,1,1.0,107.578125,3289.0,107.59375,0.015625,0.0,0.0003040437822122093,Hold
2025-01-26 09:46:43.7869,107.5781,1,83.0,107.578125,3356.0,107.59375,0.015625,0.0,0.02473182359215381,Hold
2025-01-26 09:46:43.7870,107.5781,30,82.0,107.578125,3356.0,107.59375,0.015625,0.0,0.024433849813935087,Hold
2025-01-26 09:46:43.7870,107.5781,21,52.0,107.578125,3356.0,107.59375,0.015625,0.0,0.01549463646737347,Hold
2025-01-26 09:46:43.7870,107.5781,4,27.0,107.578125,3356.0,107.59375,0.015625,0.0,0.008045292011905455,Hold
2025-01-26 09:46:43.7872,107.5781,3,27.0,107.578125,3356.0,107.59375,0.015625,0.0,0.008045292011905455,Hold
2025-01-26 09:46:43.7896,107.5781,1,565.0,107.578125,3429.0,107.59375,0.015625,0.0,0.1647710702348291,Hold
2025-01-26 09:46:43.7913,107.5781,1,554.0,107.578125,3430.0,107.59375,0.015625,0.0,0.16151603493833352,Hold
2025-01-26 09:46:43.8387,107.5781,1,539.0,107.578125,3411.0,107.59375,0.015625,0.0,0.15801817644150742,Hold
2025-01-26 09:46:44.0445,107.5938,1,619.0,107.578125,3378.0,107.59375,0.015625,0.0015700000000009595,0.18324452333237284,Hold
2025-01-26 09:46:44.1067,107.5781,742,614.0,107.578125,3377.0,107.59375,0.015625,0.0,0.18181818176434167,Hold
2025-01-26 09:46:44.1104,107.5781,2,2920.0,107.5625,458.0,107.578125,0.015625,0.0,6.375545837607978,Hold
2025-01-26 09:46:44.1115,107.5781,35,2920.0,107.5625,1214.0,107.578125,0.015625,0.0,2.40527182668429,Hold
2025-01-26 09:46:44.1123,107.5781,3,2930.0,107.5625,1221.0,107.578125,0.015625,0.0,2.3996723977070658,Hold
2025-01-26 09:46:44.1133,107.5781,197,3000.0,107.5625,1235.0,107.578125,0.015625,0.0,2.429149795603927,Hold
2025-01-26 09:46:44.1134,107.5781,5,3000.0,107.5625,1033.0,107.578125,0.015625,0.0,2.904162630296067,Hold
2025-01-26 09:46:44.1136,107.5781,1,3000.0,107.5625,1032.0,107.578125,0.015625,0.0,2.9069767413692085,Hold
2025-01-26 09:46:44.1139,107.5781,4,3000.0,107.5625,887.0,107.578125,0.015625,0.0,3.3821871438757753,Hold
2025-01-26 09:46:44.1140,107.5781,2,3000.0,107.5625,843.0,107.578125,0.015625,0.0,3.558718856988471,Hold
2025-01-26 09:46:44.1143,107.5781,1,2964.0,107.5625,830.0,107.578125,0.015625,-0.0015700000000009595,3.5710843330468864,Hold
2025-01-26 09:46:44.1148,107.5781,2,2973.0,107.5625,754.0,107.578125,0.015625,0.0,3.942970817051763,Hold
2025-01-26 09:46:44.1149,107.5781,1,2973.0,107.5625,752.0,107.578125,0.015625,0.0,3.9534574415512536,Hold
2025-01-26 09:46:44.1154,107.5781,26,2897.0,107.5625,796.0,107.578125,0.015625,0.0,3.6394472316087345,Hold
2025-01-26 09:46:44.9828,107.5781,15,2832.0,107.5625,1058.0,107.578125,0.015625,0.0,2.6767485797006154,Hold
2025-01-26 09:46:45.3837,107.5781,15,2836.0,107.5625,1049.0,107.578125,0.015625,0.0,2.7035271661548834,Hold
2025-01-26 09:46:46.2692,107.5781,5,2800.0,107.5625,1089.0,107.578125,0.015625,0.0,2.5711662051688093,Hold
2025-01-26 09:46:53.1380,107.5781,1,2501.0,107.5625,1903.0,107.578125,0.015625,0.0,1.3142406719315602,Hold
2025-01-26 09:46:54.2628,107.5781,2,2500.0,107.5625,1882.0,107.578125,0.015625,0.0,1.3283740694323198,Hold
2025-01-26 09:46:55.9572,107.5625,1,2516.0,107.5625,1088.0,107.578125,0.015625,-0.0015600000000119962,2.31249999787454,Hold
2025-01-26 09:47:00.0155,107.5781,26,2500.0,107.5625,887.0,107.578125,0.015625,0.0,2.818489286563146,Hold
2025-01-26 09:47:00.0183,107.5781,1,2600.0,107.5625,697.0,107.578125,0.015625,0.0,3.730272591491718,Hold
2025-01-26 09:47:00.0192,107.5781,2,2535.0,107.5625,686.0,107.578125,0.015625,0.0,3.695335271581144,Hold
2025-01-26 09:47:00.0193,107.5781,4,2535.0,107.5625,684.0,107.578125,0.015625,0.0,3.7061403454588593,Hold
2025-01-26 09:47:00.0194,107.5781,3,2535.0,107.5625,679.0,107.578125,0.015625,0.0,3.733431511438245,Hold
2025-01-26 09:47:00.0198,107.5781,351,2535.0,107.5625,676.0,107.578125,0.015625,0.0,3.7499999944526627,Hold
2025-01-26 09:47:00.0198,107.5781,2,2535.0,107.5625,323.0,107.578125,0.015625,0.0,7.848297189324158,Hold
2025-01-26 09:47:00.0199,107.5781,17,2535.0,107.5625,323.0,107.578125,0.015625,0.0,7.848297189324158,Hold
2025-01-26 09:47:00.0205,107.5781,296,2550.0,107.5625,305.0,107.578125,0.015625,0.0,8.360655710292932,Hold
2025-01-26 09:47:00.0209,107.5781,1,1.0,107.578125,2486.0,107.59375,0.015625,0.0015600000000119962,0.000402252614480188,Hold
2025-01-26 09:47:00.0212,107.5781,91,2549.0,107.5625,125.0,107.578125,0.015625,0.0,20.391999836864002,Hold
2025-01-26 09:47:00.0212,107.5781,1,2549.0,107.5625,33.0,107.578125,0.015625,0.0,77.24242190174479,Hold
2025-01-26 09:47:00.0212,107.5781,1,2549.0,107.5625,33.0,107.578125,0.015625,0.0,77.24242190174479,Hold
2025-01-26 09:47:00.0212,107.5781,32,2549.0,107.5625,32.0,107.578125,0.015625,0.0,79.65624751074228,Hold
2025-01-26 09:47:00.0224,107.5781,1,119.0,107.578125,2487.0,107.59375,0.015625,0.0,0.04784881381268644,Hold
2025-01-26 09:47:00.0226,107.5781,1,118.0,107.578125,2487.0,107.59375,0.015625,0.0,0.04744672294031093,Hold
2025-01-26 09:47:00.0249,107.5781,1,719.0,107.578125,2544.0,107.59375,0.015625,0.0,0.282625786052427,Hold
2025-01-26 09:47:00.0250,107.5781,1,718.0,107.578125,2544.0,107.59375,0.015625,0.0,0.2822327042915752,Hold
2025-01-26 09:47:00.0260,107.5781,1,767.0,107.578125,2545.0,107.59375,0.015625,0.0,0.30137524546114924,Hold
2025-01-26 09:47:00.1779,107.5938,241,2013.0,107.578125,398.0,107.59375,0.015625,0.0015700000000009595,5.0577889320156055,Buy
2025-01-26 09:47:00.1785,107.5938,2,2054.0,107.578125,67.0,107.59375,0.015625,0.0015700000000009595,30.656715960347523,Buy
2025-01-26 09:47:00.1790,107.5938,65,2078.0,107.578125,65.0,107.59375,0.015625,0.0015699999999867487,31.96923027739646,Buy
2025-01-26 09:47:00.1832,107.5938,1,114.0,107.59375,2932.0,107.609375,0.015625,0.0015700000000151704,0.03888130967295999,Hold
2025-01-26 09:47:00.1846,107.5938,1,68.0,107.59375,2894.0,107.609375,0.015625,0.0015699999999867487,0.023496890109365277,Hold
2025-01-26 09:47:00.1847,107.5938,50,59.0,107.59375,2894.0,107.609375,0.015625,0.0015700000000009595,0.020387007594890462,Hold
2025-01-26 09:47:00.1853,107.5938,12,12.0,107.59375,2810.0,107.609375,0.015625,0.0015699999999867487,0.00427046263193222,Hold
2025-01-26 09:47:00.1857,107.5938,5,2491.0,107.578125,121.0,107.59375,0.015625,0.0015700000000151704,20.586776689365482,Buy
2025-01-26 09:47:00.1860,107.5938,1,2491.0,107.578125,189.0,107.59375,0.015625,0.0015700000000009595,13.17989411015929,Buy
2025-01-26 09:47:00.1861,107.5938,2,2483.0,107.578125,40.0,107.59375,0.015625,0.0015700000000009595,62.074998448125044,Buy
2025-01-26 09:47:00.1861,107.5938,16,2483.0,107.578125,38.0,107.59375,0.015625,0.0,65.34210354362885,Hold
2025-01-26 09:47:00.1862,107.5938,22,2483.0,107.578125,22.0,107.59375,0.015625,0.0,112.8636312334713,Hold
2025-01-26 09:47:00.1863,107.5938,10,10.0,107.59375,2810.0,107.609375,0.015625,0.0,0.0035587188599435168,Hold
2025-01-26 09:47:00.1866,107.5938,2,2483.0,107.578125,6.0,107.59375,0.015625,0.0,413.8332643611226,Hold
2025-01-26 09:47:00.1867,107.5938,5,2483.0,107.578125,6.0,107.59375,0.015625,0.0,413.8332643611226,Hold
2025-01-26 09:47:00.1868,107.5938,1,2483.0,107.578125,1.0,107.59375,0.015625,0.0,2482.997517002483,Hold
2025-01-26 09:47:00.1868,107.5938,1,19.0,107.59375,2811.0,107.609375,0.015625,0.0,0.0067591604387196155,Hold
2025-01-26 09:47:00.1869,107.5938,9,19.0,107.59375,2811.0,107.609375,0.015625,0.0,0.0067591604387196155,Hold
2025-01-26 09:47:00.1869,107.5938,9,10.0,107.59375,2811.0,107.609375,0.015625,0.0,0.0035574528624840083,Hold
2025-01-26 09:47:00.1870,107.5938,1,2483.0,107.578125,81.0,107.59375,0.015625,0.0,30.654320609205918,Hold
2025-01-26 09:47:00.1870,107.5938,1,2483.0,107.578125,80.0,107.59375,0.015625,0.0,31.037499612031255,Hold
2025-01-26 09:47:00.1871,107.5938,1,2483.0,107.578125,80.0,107.59375,0.015625,0.0,31.037499612031255,Hold
2025-01-26 09:47:00.1871,107.5938,5,2483.0,107.578125,74.0,107.59375,0.015625,0.0,33.5540536006209,Hold
2025-01-26 09:47:00.1872,107.5938,9,2462.0,107.578125,75.0,107.59375,0.015625,0.0,32.826666228977786,Hold
2025-01-26 09:47:00.1884,107.5938,3,2455.0,107.578125,3.0,107.59375,0.015625,0.0,818.3330605556464,Hold
2025-01-26 09:47:00.1885,107.5938,1,4.0,107.59375,2808.0,107.609375,0.015625,0.0,0.0014245014239941236,Hold
2025-01-26 09:47:00.1894,107.5938,7,7.0,107.59375,2807.0,107.609375,0.015625,0.0,0.002493765585146503,Hold
2025-01-26 09:47:00.1895,107.5938,4,2372.0,107.578125,4.0,107.59375,0.015625,0.0,592.999851750037,Hold
2025-01-26 09:47:00.1896,107.5938,1,1.0,107.59375,2807.0,107.609375,0.015625,0.0,0.00035625222644950047,Hold
2025-01-26 09:47:00.1902,107.5938,1,168.0,107.59375,2893.0,107.609375,0.015625,0.0,0.05807120634010674,Hold
2025-01-26 09:47:00.1902,107.5938,1,167.0,107.59375,2893.0,107.609375,0.015625,0.0,0.057725544397606104,Hold
2025-01-26 09:47:00.1903,107.5938,1,167.0,107.59375,2893.0,107.609375,0.015625,0.0,0.057725544397606104,Hold
2025-01-26 09:47:00.1906,107.5938,1,166.0,107.59375,2893.0,107.609375,0.015625,0.0,0.05737988245510547,Hold
2025-01-26 09:47:00.1907,107.5938,1,242.0,107.59375,2893.0,107.609375,0.015625,0.0,0.08365019008515376,Hold
2025-01-26 09:47:00.1908,107.5938,38,241.0,107.59375,2893.0,107.609375,0.015625,0.0,0.08330452814265313,Hold
2025-01-26 09:47:00.1908,107.5938,11,192.0,107.59375,2893.0,107.609375,0.015625,0.0,0.06636709296012198,Hold
2025-01-26 09:47:00.1908,107.5938,1,191.0,107.59375,2893.0,107.609375,0.015625,0.0,0.06602143101762135,Hold
2025-01-26 09:47:00.1914,107.5938,8,8.0,107.59375,2808.0,107.609375,0.015625,0.0,0.002849002847988247,Hold
2025-01-26 09:47:00.1917,107.5938,33,2476.0,107.578125,232.0,107.59375,0.015625,0.0,10.672413747101665,Hold
2025-01-26 09:47:00.1918,107.5938,26,2476.0,107.578125,199.0,107.59375,0.015625,0.0,12.44221099275271,Hold
2025-01-26 09:47:00.1924,107.5938,1,2392.0,107.578125,123.0,107.59375,0.015625,0.0,19.44715431343777,Hold
2025-01-26 09:47:00.1924,107.5938,5,2392.0,107.578125,117.0,107.59375,0.015625,0.0,20.444444269705606,Hold
2025-01-26 09:47:00.1925,107.5938,1,2392.0,107.578125,117.0,107.59375,0.015625,0.0,20.444444269705606,Hold
2025-01-26 09:47:00.1927,107.5938,1,2477.0,107.578125,102.0,107.59375,0.015625,0.0,24.284313487408692,Hold
2025-01-26 09:47:00.1928,107.5938,1,2476.0,107.578125,12.0,107.59375,0.015625,0.0,206.33331613889032,Hold
2025-01-26 09:47:00.1929,107.5938,11,2476.0,107.578125,11.0,107.59375,0.015625,0.0,225.09088862810106,Hold
2025-01-26 09:47:00.1929,107.5938,2,3.0,107.59375,2793.0,107.609375,0.015625,0.0,0.0010741138556841698,Hold
2025-01-26 09:47:00.1931,107.5938,2,5.0,107.59375,2793.0,107.609375,0.015625,0.0,0.0017901897594736163,Hold
2025-01-26 09:47:00.1931,107.5938,3,3.0,107.59375,2793.0,107.609375,0.015625,0.0,0.0010741138556841698,Hold
2025-01-26 09:47:00.1934,107.5938,1,2477.0,107.578125,54.0,107.59375,0.015625,0.0,45.870369520919084,Hold
2025-01-26 09:47:00.1935,107.5938,1,2477.0,107.578125,52.0,107.59375,0.015625,0.0,47.63461446856511,Hold
2025-01-26 09:47:00.1936,107.5938,1,2477.0,107.578125,53.0,107.59375,0.015625,0.0,46.73584817479532,Hold
2025-01-26 09:47:00.1937,107.5938,1,2477.0,107.578125,136.0,107.59375,0.015625,0.0,18.2132351601968,Hold
2025-01-26 09:47:00.1939,107.5938,36,2398.0,107.578125,271.0,107.59375,0.015625,0.0,8.84870845443281,Hold
2025-01-26 09:47:00.1941,107.5938,1,2378.0,107.578125,291.0,107.59375,0.015625,0.0,8.171821277760065,Hold
2025-01-26 09:47:00.1952,107.5938,1,2528.0,107.578125,280.0,107.59375,0.015625,0.0,9.02857139632653,Hold
2025-01-26 09:47:00.1969,107.5938,5,2375.0,107.578125,465.0,107.59375,0.015625,0.0,5.107526870736502,Hold
2025-01-26 09:47:00.3313,107.5938,2,2467.0,107.578125,526.0,107.59375,0.015625,0.0,4.690114059524498,Hold
2025-01-26 09:47:00.3733,107.5938,12,2488.0,107.578125,515.0,107.59375,0.015625,0.0,4.831067951784334,Hold
2025-01-26 09:47:00.3733,107.5938,12,2476.0,107.578125,503.0,107.59375,0.015625,0.0,4.9224651989613015,Hold
2025-01-26 09:47:00.8362,107.5938,40,2476.0,107.578125,434.0,107.59375,0.015625,0.0,5.705069111278642,Hold
2025-01-26 09:47:00.8366,107.5938,1,2477.0,107.578125,382.0,107.59375,0.015625,0.0,6.484293176742688,Hold
2025-01-26 09:47:01.0455,107.5938,1,2481.0,107.578125,422.0,107.59375,0.015625,0.0,5.879146905499652,Hold
2025-01-26 09:47:01.0458,107.5938,1,2477.0,107.578125,417.0,107.59375,0.015625,0.0,5.940047947385976,Hold
2025-01-26 09:47:01.1055,107.5938,1,2475.0,107.578125,457.0,107.59375,0.015625,0.0,5.4157549115629,Hold
2025-01-26 09:47:02.7297,107.5938,50,2385.0,107.578125,618.0,107.59375,0.015625,0.0,3.859223294726176,Hold
2025-01-26 09:47:03.6056,107.5938,1,2465.0,107.578125,523.0,107.59375,0.015625,0.0,4.713193107622958,Hold
2025-01-26 09:47:06.9267,107.5781,50,2491.0,107.578125,445.0,107.59375,0.015625,-0.0015699999999867487,5.597752796409544,Hold
2025-01-26 09:47:07.6406,107.5938,200,2486.0,107.578125,432.0,107.59375,0.015625,-1.4210854715202004e-14,5.754629616308728,Hold
2025-01-26 09:47:07.6410,107.5938,1,2486.0,107.578125,214.0,107.59375,0.015625,0.0,11.616822375622325,Hold
2025-01-26 09:47:07.6411,107.5938,22,2486.0,107.578125,190.0,107.59375,0.015625,0.0,13.084210457451524,Hold
2025-01-26 09:47:07.6413,107.5938,1,2486.0,107.578125,107.0,107.59375,0.015625,0.0,23.233644642676218,Hold
2025-01-26 09:47:07.6414,107.5938,1,2491.0,107.578125,106.0,107.59375,0.015625,0.0,23.499999778301888,Hold
2025-01-26 09:47:07.6416,107.5938,20,2491.0,107.578125,60.0,107.59375,0.015625,0.0,41.51666597472224,Hold
2025-01-26 09:47:07.6417,107.5938,1,2491.0,107.578125,36.0,107.59375,0.015625,0.0,69.1944425223766,Hold
2025-01-26 09:47:07.6417,107.5938,1,2491.0,107.578125,35.0,107.59375,0.015625,1.4210854715202004e-14,71.17142653795925,Buy
2025-01-26 09:47:07.6417,107.5938,1,2491.0,107.578125,34.0,107.59375,0.015625,-1.4210854715202004e-14,73.26470372750872,Hold
2025-01-26 09:47:07.6418,107.5938,1,2491.0,107.578125,33.0,107.59375,0.015625,0.0015700000000009595,75.48484619742891,Buy
2025-01-26 09:47:07.6418,107.5938,1,2491.0,107.578125,32.0,107.59375,0.015625,0.0,77.84374756738289,Hold
2025-01-26 09:47:07.6418,107.5938,1,2491.0,107.578125,31.0,107.59375,0.015625,0.0,80.35483611758593,Hold
2025-01-26 09:47:07.6418,107.5938,1,2491.0,107.578125,30.0,107.59375,0.015625,0.0,83.03333056555564,Hold
2025-01-26 09:47:07.6419,107.5938,1,2491.0,107.578125,28.0,107.59375,0.015625,0.0,88.96428253698991,Hold
2025-01-26 09:47:07.6419,107.5938,1,2491.0,107.578125,27.0,107.59375,0.015625,0.0,92.25925584224979,Hold
2025-01-26 09:47:07.6419,107.5938,1,2491.0,107.578125,26.0,107.59375,0.015625,0.0,95.8076886227812,Hold
2025-01-26 09:47:07.6420,107.5938,1,2491.0,107.578125,25.0,107.59375,0.015625,0.0,99.63999601440015,Hold
2025-01-26 09:47:07.6420,107.5938,1,2491.0,107.578125,23.0,107.59375,0.015625,0.0,108.30434311720246,Hold
2025-01-26 09:47:07.6421,107.5938,1,2491.0,107.578125,22.0,107.59375,0.015625,0.0,113.22726758057874,Hold
2025-01-26 09:47:07.6421,107.5938,1,2491.0,107.578125,21.0,107.59375,0.015625,0.0,118.6190419705218,Hold
2025-01-26 09:47:07.6421,107.5938,1,2491.0,107.578125,20.0,107.59375,0.015625,0.0,124.5499937725003,Hold
2025-01-26 09:47:07.6421,107.5938,1,2491.0,107.578125,19.0,107.59375,0.015625,0.0,131.1052562576181,Hold
2025-01-26 09:47:07.6422,107.5938,1,2491.0,107.578125,18.0,107.59375,0.015625,0.0,138.3888812006177,Hold
2025-01-26 09:47:07.6422,107.5938,1,2491.0,107.578125,17.0,107.59375,0.015625,0.0,146.5294031453292,Hold
2025-01-26 09:47:07.6422,107.5938,1,2491.0,107.578125,15.0,107.59375,0.015625,0.0,166.0666555955563,Hold
2025-01-26 09:47:07.6423,107.5938,1,2491.0,107.578125,14.0,107.59375,0.015625,0.0,177.92855871938866,Hold
2025-01-26 09:47:07.6425,107.5938,1,2491.0,107.578125,12.0,107.59375,0.015625,0.0,207.58331603472368,Hold
2025-01-26 09:47:07.6426,107.5938,1,2491.0,107.578125,11.0,107.59375,0.015625,0.0,226.4545248677705,Hold
2025-01-26 09:47:07.6428,107.5938,2,2492.0,107.578125,10.0,107.59375,0.015625,0.0,249.1999750800025,Hold
2025-01-26 09:47:07.6436,107.5938,53,2506.0,107.578125,107.0,107.59375,0.015625,0.0,23.42056052877981,Hold
2025-01-26 09:47:07.6436,107.5938,15,2522.0,107.578125,54.0,107.59375,0.015625,0.0,46.70370283882032,Hold
2025-01-26 09:47:07.6436,107.5938,1,2522.0,107.578125,39.0,107.59375,0.015625,0.0,64.66666500854706,Hold
2025-01-26 09:47:07.6437,107.5938,1,2523.0,107.578125,38.0,107.59375,0.015625,0.0,66.3947350948754,Hold
2025-01-26 09:47:07.6447,107.5938,20,2523.0,107.578125,178.0,107.59375,0.015625,0.0,14.17415722374069,Hold
2025-01-26 09:47:07.6449,107.5938,1,2524.0,107.578125,174.0,107.59375,0.015625,0.0,14.50574704307042,Hold
2025-01-26 09:47:07.6449,107.5938,1,2524.0,107.578125,172.0,107.59375,0.015625,0.0,14.674418519334777,Hold
2025-01-26 09:47:07.6449,107.5938,1,2524.0,107.578125,172.0,107.59375,0.015625,0.0,14.674418519334777,Hold
2025-01-26 09:47:07.6458,107.5938,20,2527.0,107.578125,253.0,107.59375,0.015625,0.0,9.988142253011295,Hold
2025-01-26 09:47:07.6458,107.5938,1,2527.0,107.578125,233.0,107.59375,0.015625,0.0,10.845493515684577,Hold
2025-01-26 09:47:07.6459,107.5938,1,2527.0,107.578125,231.0,107.59375,0.015625,0.0,10.939393892037256,Hold
2025-01-26 09:47:07.6465,107.5938,1,2527.0,107.578125,231.0,107.59375,0.015625,0.0,10.939393892037256,Hold
2025-01-26 09:47:07.6627,107.5938,20,2526.0,107.578125,228.0,107.59375,0.015625,0.0,11.078947319829178,Hold
2025-01-26 09:47:07.6630,107.5938,1,2526.0,107.578125,208.0,107.59375,0.015625,0.0,12.144230710845045,Hold
2025-01-26 09:47:08.9046,107.5938,104,2570.0,107.578125,181.0,107.59375,0.015625,0.0,14.198894949177376,Hold
2025-01-26 09:47:08.9050,107.5938,1,2570.0,107.578125,63.0,107.59375,0.015625,0.0,40.79365014613254,Hold
2025-01-26 09:47:08.9052,107.5938,1,2570.0,107.578125,62.0,107.59375,0.015625,0.0,41.451612234651414,Hold
2025-01-26 09:47:08.9053,107.5938,1,2570.0,107.578125,62.0,107.59375,0.015625,0.0,41.451612234651414,Hold
2025-01-26 09:47:08.9053,107.5938,1,2570.0,107.578125,61.0,107.59375,0.015625,0.0,42.13114685030907,Hold
2025-01-26 09:47:08.9053,107.5938,1,2570.0,107.578125,60.0,107.59375,0.015625,0.0,42.833332619444455,Hold
2025-01-26 09:47:08.9053,107.5938,1,2570.0,107.578125,59.0,107.59375,0.015625,0.0,43.559321295604725,Hold
