timestamp,price,volume,bidVolume,bidPrice,askVolume,askPrice,spread,momentum,volume_ratio,label,market
2025-01-26 08:10:00.2890,107.8594,50,2415.0,107.859375,1890.0,107.875,0.015625,,1.2777777771017047,Hold,E
2025-01-26 08:10:02.0553,107.8594,5,2415.0,107.859375,1893.0,107.875,0.015625,0.0,1.2757527727016624,Hold,E
2025-01-26 08:10:07.2013,107.875,27,2359.0,107.859375,1898.0,107.875,0.015625,0.005200000000002092,1.2428872490817242,Buy,E
2025-01-26 08:10:07.6797,107.875,288,2628.0,107.859375,689.0,107.875,0.015625,0.002600000000001046,3.8142235068008365,Buy,E
2025-01-26 08:10:07.6800,107.875,357,2629.0,107.859375,386.0,107.875,0.015625,0.0015599999999977854,6.810880811370775,Buy,E
2025-01-26 08:10:07.6823,107.875,1,269.0,107.875,2877.0,107.890625,0.015625,0.0010400000000032605,0.09350017375964541,Hold,E
2025-01-26 08:10:07.6838,107.875,1,554.0,107.875,2772.0,107.890625,0.015625,0.0007428571428533814,0.19985569978360185,Hold,E
2025-01-26 08:10:07.6859,107.875,6,680.0,107.875,2744.0,107.890625,0.015625,0.0005571428571471415,0.2478134109884062,Hold,E
2025-01-26 08:10:07.6861,107.875,5,685.0,107.875,2744.0,107.890625,0.015625,0.00043333333333350765,0.2496355684221445,Hold,E
2025-01-26 08:10:07.6863,107.875,9,699.0,107.875,2744.0,107.890625,0.015625,0.00034666666667249046,0.25473760923661165,Hold,E
2025-01-26 08:10:07.8356,107.875,44,136.0,107.875,2923.0,107.890625,0.015625,0.0015599999999835745,0.04652754018250854,Hold,E
2025-01-26 08:10:07.8359,107.875,45,92.0,107.875,2923.0,107.890625,0.015625,0.0015600000000119962,0.03147451247640284,Hold,E
2025-01-26 08:10:07.8363,107.875,4,47.0,107.875,2923.0,107.890625,0.015625,0.0,0.016079370504249277,Hold,E
2025-01-26 08:10:07.8363,107.875,1,43.0,107.875,2923.0,107.890625,0.015625,0.0,0.014710913440057847,Hold,E
2025-01-26 08:10:07.8365,107.875,5,42.0,107.875,2923.0,107.890625,0.015625,0.0,0.01436879917400999,Hold,E
2025-01-26 08:10:07.8366,107.875,4,37.0,107.875,2923.0,107.890625,0.015625,0.0,0.012658227843770705,Hold,E
2025-01-26 08:10:07.8367,107.875,6,33.0,107.875,2923.0,107.890625,0.015625,0.0,0.011289770779579279,Hold,E
2025-01-26 08:10:07.8368,107.875,1,26.0,107.875,2923.0,107.890625,0.015625,0.0,0.008894970917244279,Hold,E
2025-01-26 08:10:07.8369,107.875,1,25.0,107.875,2923.0,107.890625,0.015625,0.0,0.008552856651196422,Hold,E
2025-01-26 08:10:07.8372,107.875,25,25.0,107.875,2924.0,107.890625,0.015625,0.0,0.008549931597623142,Hold,E
2025-01-26 08:10:07.8377,107.875,1,3044.0,107.859375,215.0,107.875,0.015625,0.0,14.15813946903191,Hold,E
2025-01-26 08:10:07.8378,107.875,5,3044.0,107.859375,215.0,107.875,0.015625,0.0,14.15813946903191,Hold,E
2025-01-26 08:10:07.8399,107.875,1,2875.0,107.859375,64.0,107.875,0.015625,0.0,44.921874298095716,Hold,E
2025-01-26 08:10:07.8400,107.875,61,2875.0,107.859375,63.0,107.875,0.015625,0.0,45.63491991055683,Hold,E
2025-01-26 08:10:07.8400,107.875,2,2.0,107.875,3002.0,107.890625,0.015625,0.0,0.0006662225180991931,Hold,E
2025-01-26 08:10:07.8413,107.875,2,180.0,107.875,2862.0,107.890625,0.015625,0.0,0.06289308173903108,Hold,E
2025-01-26 08:10:08.0267,107.875,25,238.0,107.875,3003.0,107.890625,0.015625,0.0,0.07925407922768762,Hold,E
2025-01-26 08:10:08.0270,107.875,1,219.0,107.875,3003.0,107.890625,0.015625,0.0,0.07292707290278819,Hold,E
2025-01-26 08:10:08.0271,107.875,1,189.0,107.875,3003.0,107.890625,0.015625,0.0,0.06293706291610487,Hold,E
2025-01-26 08:10:08.6863,107.875,12,39.0,107.875,2966.0,107.890625,0.015625,0.0,0.013149022247758253,Hold,E
2025-01-26 08:10:08.6864,107.875,1,38.0,107.875,2966.0,107.890625,0.015625,0.0,0.012811867831149067,Hold,E
2025-01-26 08:10:08.6866,107.875,14,38.0,107.875,2966.0,107.890625,0.015625,0.0,0.012811867831149067,Hold,E
2025-01-26 08:10:08.6877,107.875,1,2942.0,107.859375,153.0,107.875,0.015625,0.0,19.228758044256484,Hold,E
2025-01-26 08:10:08.6890,107.875,23,2854.0,107.859375,139.0,107.875,0.015625,0.0,20.532373953004505,Hold,E
2025-01-26 08:10:08.6896,107.875,5,2853.0,107.859375,140.0,107.875,0.015625,0.0,20.378571283010206,Hold,E
2025-01-26 08:10:08.6897,107.875,12,2853.0,107.859375,135.0,107.875,0.015625,0.0,21.133333176790124,Hold,E
2025-01-26 08:10:08.6898,107.875,1,2852.0,107.859375,123.0,107.875,0.015625,0.0,23.18699168140657,Hold,E
2025-01-26 08:10:08.6898,107.875,1,2852.0,107.859375,122.0,107.875,0.015625,0.0,23.377048988712712,Hold,E
2025-01-26 08:10:08.6901,107.875,3,2852.0,107.859375,72.0,107.875,0.015625,0.0,39.611110560956796,Hold,E
2025-01-26 08:10:08.6902,107.875,3,2852.0,107.859375,66.0,107.875,0.015625,0.0,43.21212055739211,Hold,E
2025-01-26 08:10:08.6902,107.875,2,2852.0,107.859375,66.0,107.875,0.015625,0.0,43.21212055739211,Hold,E
2025-01-26 08:10:08.6902,107.875,1,2852.0,107.859375,64.0,107.875,0.015625,0.0,44.56249930371095,Hold,E
2025-01-26 08:10:08.6903,107.875,9,2852.0,107.859375,63.0,107.875,0.015625,0.0,45.269840551272374,Hold,E
2025-01-26 08:10:08.6903,107.875,9,2852.0,107.859375,45.0,107.875,0.015625,0.0,63.37777636938275,Hold,E
2025-01-26 08:10:08.6905,107.875,6,2852.0,107.859375,45.0,107.875,0.015625,0.0,63.37777636938275,Hold,E
2025-01-26 08:10:08.6907,107.875,39,2852.0,107.859375,39.0,107.875,0.015625,0.0,73.128203253123,Hold,E
2025-01-26 08:10:08.6910,107.875,1,76.0,107.875,3047.0,107.890625,0.015625,0.0,0.024942566450626005,Hold,E
2025-01-26 08:10:08.6923,107.875,17,127.0,107.875,2947.0,107.890625,0.015625,0.0,0.043094672533731025,Hold,E
2025-01-26 08:10:08.6927,107.875,33,152.0,107.875,2907.0,107.890625,0.015625,0.0,0.05228758168135962,Hold,E
2025-01-26 08:10:08.6930,107.875,1,1.0,107.875,2906.0,107.890625,0.015625,0.0,0.0003441156227308618,Hold,E
2025-01-26 08:10:08.6932,107.875,1,3006.0,107.859375,1.0,107.875,0.015625,0.0,3005.9969940030064,Hold,E
2025-01-26 08:10:08.6933,107.875,1,1.0,107.875,2930.0,107.890625,0.015625,0.0,0.00034129692821116146,Hold,E
2025-01-26 08:10:08.6934,107.875,5,3006.0,107.859375,69.0,107.875,0.015625,0.0,43.5652167599244,Hold,E
2025-01-26 08:10:08.6940,107.875,1,3008.0,107.859375,218.0,107.875,0.015625,0.0,13.798165074320345,Hold,E
2025-01-26 08:10:08.6941,107.875,1,3008.0,107.859375,218.0,107.875,0.015625,0.0,13.798165074320345,Hold,E
2025-01-26 08:10:08.6952,107.875,38,2889.0,107.859375,197.0,107.875,0.015625,0.0,14.664974544847846,Hold,E
2025-01-26 08:10:08.6958,107.875,1,2932.0,107.859375,86.0,107.875,0.015625,0.0,34.09302285938345,Hold,E
2025-01-26 08:10:08.6964,107.875,1,2916.0,107.859375,48.0,107.875,0.015625,0.0,60.749998734375026,Hold,E
2025-01-26 08:10:08.6965,107.875,1,2916.0,107.859375,47.0,107.875,0.015625,0.0,62.04255187143507,Hold,E
2025-01-26 08:10:08.7212,107.875,3,2844.0,107.859375,56.0,107.875,0.015625,0.0,50.78571337882655,Hold,E
2025-01-26 08:10:08.7299,107.875,44,2844.0,107.859375,53.0,107.875,0.015625,0.0,53.66037634603064,Hold,E
2025-01-26 08:10:08.7300,107.875,1,2844.0,107.859375,6.0,107.875,0.015625,0.0,473.99992100001316,Hold,E
2025-01-26 08:10:08.7301,107.875,1,2844.0,107.859375,5.0,107.875,0.015625,0.0,568.7998862400227,Hold,E
2025-01-26 08:10:08.7302,107.875,3,2844.0,107.859375,5.0,107.875,0.015625,0.0,568.7998862400227,Hold,E
2025-01-26 08:10:08.7305,107.875,1,81.0,107.875,2869.0,107.890625,0.015625,0.0,0.028232833730138435,Hold,E
2025-01-26 08:10:09.1012,107.875,25,125.0,107.875,3214.0,107.890625,0.015625,0.0,0.03889234597420898,Hold,E
2025-01-26 08:10:09.1013,107.875,1,100.0,107.875,3214.0,107.890625,0.015625,0.0,0.031113876779367184,Hold,E
2025-01-26 08:10:09.1014,107.875,2,97.0,107.875,3214.0,107.890625,0.015625,0.0,0.030180460475986166,Hold,E
2025-01-26 08:10:09.1015,107.875,50,97.0,107.875,3214.0,107.890625,0.015625,0.0,0.030180460475986166,Hold,E
2025-01-26 08:10:09.1015,107.875,1,46.0,107.875,3214.0,107.890625,0.015625,0.0,0.014312383318508905,Hold,E
2025-01-26 08:10:09.1018,107.875,45,45.0,107.875,3215.0,107.890625,0.015625,0.0,0.013996889575739692,Hold,E
2025-01-26 08:10:09.1026,107.875,8,2838.0,107.859375,75.0,107.875,0.015625,0.0,37.83999949546668,Hold,E
2025-01-26 08:10:09.1028,107.875,1,2838.0,107.859375,76.0,107.875,0.015625,0.0,37.34210477181441,Hold,E
2025-01-26 08:10:09.1028,107.875,1,2838.0,107.859375,75.0,107.875,0.015625,0.0,37.83999949546668,Hold,E
2025-01-26 08:10:09.1028,107.875,1,2838.0,107.859375,74.0,107.875,0.015625,0.0,38.35135083308985,Hold,E
2025-01-26 08:10:09.1029,107.875,44,2838.0,107.859375,54.0,107.875,0.015625,0.0,52.555554582304545,Hold,E
2025-01-26 08:10:09.1030,107.875,11,2838.0,107.859375,3321.0,107.890625,0.03125,0.0,0.8545618786948023,Hold,E
2025-01-26 08:10:09.1032,107.875,1,2839.0,107.859375,1.0,107.875,0.015625,0.0,2838.997161002839,Hold,E
2025-01-26 08:10:09.1034,107.875,1,60.0,107.875,3323.0,107.890625,0.015625,0.0,0.01805597351247187,Hold,E
2025-01-26 08:10:09.1035,107.875,1,60.0,107.875,3299.0,107.890625,0.015625,0.0,0.018187329488273014,Hold,E
2025-01-26 08:10:09.1037,107.875,1,244.0,107.875,3299.0,107.890625,0.015625,0.0,0.0739618065856436,Hold,E
2025-01-26 08:10:09.7255,107.875,2,489.0,107.875,3195.0,107.890625,0.015625,0.0,0.15305164314458478,Hold,E
2025-01-26 08:10:09.7661,107.875,10,485.0,107.875,3195.0,107.890625,0.015625,0.0,0.15179968696344298,Hold,E
2025-01-26 08:10:12.2454,107.875,4,232.0,107.875,3223.0,107.890625,0.015625,0.0,0.07198262486131474,Hold,E
2025-01-26 08:10:14.7654,107.875,4,327.0,107.875,3457.0,107.890625,0.015625,0.0,0.09459068553815717,Hold,E
2025-01-26 08:10:15.7018,107.875,1,328.0,107.875,3457.0,107.890625,0.015625,0.0,0.09487995368965,Hold,E
2025-01-26 08:10:15.7020,107.875,1,327.0,107.875,3457.0,107.890625,0.015625,0.0,0.09459068553815717,Hold,E
2025-01-26 08:10:17.2655,107.875,4,318.0,107.875,3457.0,107.890625,0.015625,0.0,0.09198727217472165,Hold,E
2025-01-26 08:10:19.8882,107.875,400,973.0,107.875,3410.0,107.890625,0.015625,0.0,0.2853372433180829,Hold,E
2025-01-26 08:10:19.8891,107.875,1,572.0,107.875,3410.0,107.890625,0.015625,0.0,0.1677419354346798,Hold,E
2025-01-26 08:10:19.8897,107.875,1,423.0,107.875,3410.0,107.890625,0.015625,0.0,0.12404692078473697,Hold,E
2025-01-26 08:10:19.8899,107.875,1,418.0,107.875,3410.0,107.890625,0.015625,0.0,0.12258064512534292,Hold,E
2025-01-26 08:10:19.8899,107.875,1,418.0,107.875,3410.0,107.890625,0.015625,0.0,0.12258064512534292,Hold,E
2025-01-26 08:10:19.8900,107.875,1,416.0,107.875,3410.0,107.890625,0.015625,0.0,0.12199413486158531,Hold,E
2025-01-26 08:10:19.8900,107.875,1,415.0,107.875,3410.0,107.890625,0.015625,0.0,0.12170087972970649,Hold,E
2025-01-26 08:10:19.8901,107.875,1,414.0,107.875,3410.0,107.890625,0.015625,0.0,0.12140762459782768,Hold,E
2025-01-26 08:10:19.8901,107.875,1,413.0,107.875,3410.0,107.890625,0.015625,0.0,0.12111436946594888,Hold,E
2025-01-26 08:10:19.8902,107.875,1,411.0,107.875,3410.0,107.890625,0.015625,0.0,0.12052785920219125,Hold,E
2025-01-26 08:10:19.8902,107.875,1,410.0,107.875,3410.0,107.890625,0.015625,0.0,0.12023460407031243,Hold,E
2025-01-26 08:10:19.8903,107.875,1,409.0,107.875,3410.0,107.890625,0.015625,0.0,0.11994134893843363,Hold,E
2025-01-26 08:10:19.8903,107.875,1,407.0,107.875,3410.0,107.890625,0.015625,0.0,0.119354838674676,Hold,E
2025-01-26 08:10:19.8904,107.875,1,406.0,107.875,3410.0,107.890625,0.015625,0.0,0.1190615835427972,Hold,E
2025-01-26 08:10:19.8905,107.875,1,404.0,107.875,3410.0,107.890625,0.015625,0.0,0.11847507327903957,Hold,E
2025-01-26 08:10:19.8906,107.875,1,402.0,107.875,3410.0,107.890625,0.015625,0.0,0.11788856301528194,Hold,E
2025-01-26 08:10:19.8906,107.875,1,401.0,107.875,3410.0,107.890625,0.015625,0.0,0.11759530788340314,Hold,E
2025-01-26 08:10:19.8907,107.875,1,399.0,107.875,3410.0,107.890625,0.015625,0.0,0.11700879761964551,Hold,E
2025-01-26 08:10:19.8907,107.875,1,397.0,107.875,3410.0,107.890625,0.015625,0.0,0.1164222873558879,Hold,E
2025-01-26 08:10:19.8908,107.875,1,395.0,107.875,3410.0,107.890625,0.015625,0.0,0.11583577709213028,Hold,E
2025-01-26 08:10:19.8908,107.875,1,393.0,107.875,3410.0,107.890625,0.015625,0.0,0.11524926682837265,Hold,E
2025-01-26 08:10:19.8910,107.875,2,391.0,107.875,3410.0,107.890625,0.015625,0.0,0.11466275656461503,Hold,E
2025-01-26 08:10:19.8910,107.875,1,390.0,107.875,3411.0,107.890625,0.015625,0.0,0.11433597182224099,Hold,E
2025-01-26 08:10:19.8929,107.875,1,273.0,107.875,3412.0,107.890625,0.015625,0.0,0.08001172330597546,Hold,E
2025-01-26 08:10:19.8934,107.875,3,402.0,107.875,3411.0,107.890625,0.015625,0.0,0.1178540017244638,Hold,E
2025-01-26 08:10:19.9055,107.875,1,624.0,107.875,3417.0,107.890625,0.015625,0.0,0.18261633006069175,Hold,E
2025-01-26 08:10:22.4055,107.875,1,679.0,107.875,3401.0,107.890625,0.015625,0.0,0.19964716254053302,Hold,E
2025-01-26 08:10:22.7439,107.875,3,54.0,107.875,3420.0,107.890625,0.015625,0.0,0.015789473679593723,Hold,E
2025-01-26 08:10:22.7442,107.875,1,41.0,107.875,3420.0,107.890625,0.015625,0.0,0.0119883040900619,Hold,E
2025-01-26 08:10:22.7446,107.875,39,39.0,107.875,3420.0,107.890625,0.015625,0.0,0.011403508768595466,Hold,E
2025-01-26 08:10:22.7449,107.875,6,17.0,107.875,3420.0,107.890625,0.015625,0.0,0.00497076023246469,Hold,E
2025-01-26 08:10:22.7450,107.875,7,10.0,107.875,3420.0,107.890625,0.015625,0.0,0.0029239766073321707,Hold,E
2025-01-26 08:10:22.7450,107.875,1,9.0,107.875,3420.0,107.890625,0.015625,0.0,0.0026315789465989536,Hold,E
2025-01-26 08:10:22.7463,107.875,1,2840.0,107.859375,139.0,107.875,0.015625,0.0,20.431654529268673,Hold,E
2025-01-26 08:10:22.7464,107.875,1,2840.0,107.859375,138.0,107.875,0.015625,0.0,20.579709995799202,Hold,E
2025-01-26 08:10:22.7477,107.875,1,2868.0,107.859375,293.0,107.875,0.015625,0.0,9.788395871029365,Hold,E
2025-01-26 08:10:22.7484,107.875,1,2841.0,107.859375,302.0,107.875,0.015625,0.0,9.407284737061971,Hold,E
2025-01-26 08:10:22.7914,107.875,1,2908.0,107.859375,53.0,107.875,0.015625,0.0,54.86792349305805,Hold,E
2025-01-26 08:10:22.7917,107.875,5,2908.0,107.859375,48.0,107.875,0.015625,0.0,60.583332071180585,Hold,E
2025-01-26 08:10:22.7919,107.875,22,2908.0,107.859375,43.0,107.875,0.015625,0.0,67.6279054040022,Hold,E
2025-01-26 08:10:22.7921,107.875,21,2908.0,107.859375,3423.0,107.890625,0.03125,0.0,0.8495471805873365,Hold,E
2025-01-26 08:10:22.7925,107.875,1,62.0,107.875,3423.0,107.890625,0.015625,0.0,0.018112766573732758,Hold,E
2025-01-26 08:10:22.7925,107.875,5,56.0,107.875,3423.0,107.890625,0.015625,0.0,0.01635991819562959,Hold,E
2025-01-26 08:10:22.7935,107.875,23,246.0,107.875,3289.0,107.890625,0.015625,0.0,0.07479477042420347,Hold,E
2025-01-26 08:10:22.7941,107.875,1,160.0,107.875,3311.0,107.890625,0.015625,0.0,0.0483237692394069,Hold,E
2025-01-26 08:10:23.7940,107.875,80,80.0,107.875,3463.0,107.890625,0.015625,0.0,0.02310135719806487,Hold,E
2025-01-26 08:10:23.8135,107.875,10,2890.0,107.859375,346.0,107.875,0.015625,0.0,8.352601131928898,Hold,E
2025-01-26 08:10:23.8170,107.875,20,2890.0,107.859375,240.0,107.875,0.015625,0.0,12.041666616493055,Hold,E
2025-01-26 08:10:23.8172,107.875,1,2890.0,107.859375,183.0,107.875,0.015625,0.0,15.792349640478964,Hold,E
2025-01-26 08:10:23.8174,107.875,52,2890.0,107.859375,182.0,107.875,0.015625,0.0,15.879120791872962,Hold,E
2025-01-26 08:10:23.8175,107.875,1,2890.0,107.859375,106.0,107.875,0.015625,0.0,27.264150686187257,Hold,E
2025-01-26 08:10:23.8176,107.875,1,2890.0,107.859375,106.0,107.875,0.015625,0.0,27.264150686187257,Hold,E
2025-01-26 08:10:23.8177,107.875,1,2890.0,107.859375,31.0,107.875,0.015625,0.0,93.22580344432892,Hold,E
2025-01-26 08:10:23.8178,107.875,1,2890.0,107.859375,15.0,107.875,0.015625,0.0,192.66665382222308,Hold,E
2025-01-26 08:10:23.8180,107.875,2,2891.0,107.859375,10.0,107.875,0.015625,0.0,289.0999710900029,Hold,E
2025-01-26 08:10:23.8185,107.875,1,2916.0,107.859375,8.0,107.875,0.015625,0.0,364.4999544375057,Hold,E
2025-01-26 08:10:23.8187,107.875,10,2915.0,107.859375,11.0,107.875,0.015625,0.0,264.9999759090931,Hold,E
2025-01-26 08:10:23.8188,107.875,1,2916.0,107.859375,1.0,107.875,0.015625,0.0,2915.9970840029164,Hold,E
2025-01-26 08:10:23.8205,107.875,15,2973.0,107.859375,50.0,107.875,0.015625,0.0,59.45999881080002,Hold,E
2025-01-26 08:10:23.8208,107.875,1,2973.0,107.859375,35.0,107.875,0.015625,0.0,84.94285471591844,Hold,E
2025-01-26 08:10:23.8376,107.875,12,2969.0,107.859375,34.0,107.875,0.015625,0.0,87.32352684342568,Hold,E
2025-01-26 08:10:23.8378,107.875,1,2969.0,107.859375,22.0,107.875,0.015625,0.0,134.95453932024822,Hold,E
2025-01-26 08:10:23.8379,107.875,1,2969.0,107.859375,20.0,107.875,0.015625,0.0,148.44999257750035,Hold,E
2025-01-26 08:10:23.8380,107.875,1,2969.0,107.859375,20.0,107.875,0.015625,0.0,148.44999257750035,Hold,E
2025-01-26 08:10:30.3082,107.875,88,2868.0,107.859375,496.0,107.875,0.015625,0.0,5.782258052858351,Hold,E
2025-01-26 08:10:30.3084,107.875,90,2868.0,107.859375,318.0,107.875,0.015625,0.0,9.018867896167082,Hold,E
2025-01-26 08:10:30.3085,107.875,29,2868.0,107.859375,289.0,107.875,0.015625,0.0,9.923875398187283,Hold,E
2025-01-26 08:10:30.3086,107.875,45,2868.0,107.859375,289.0,107.875,0.015625,0.0,9.923875398187283,Hold,E
2025-01-26 08:10:30.3086,107.875,90,2868.0,107.859375,154.0,107.875,0.015625,0.0,18.62337650244561,Hold,E
2025-01-26 08:10:30.3087,107.875,1,2868.0,107.859375,150.0,107.875,0.015625,0.0,19.119999872533334,Hold,E
2025-01-26 08:10:30.3099,107.875,1,2889.0,107.859375,133.0,107.875,0.015625,0.0,21.721804347956358,Hold,E
2025-01-26 08:10:30.3100,107.875,19,2889.0,107.859375,132.0,107.875,0.015625,0.0,21.886363470557853,Hold,E
2025-01-26 08:10:30.3101,107.875,109,2889.0,107.859375,113.0,107.875,0.015625,0.0,25.566371455164855,Hold,E
2025-01-26 08:10:30.3102,107.875,4,2889.0,107.859375,4.0,107.875,0.015625,0.0,722.2498194375452,Hold,E
2025-01-26 08:10:30.3105,107.875,1,24.0,107.875,3291.0,107.890625,0.015625,0.0,0.007292616223855176,Hold,E
2025-01-26 08:10:30.3154,107.875,1,342.0,107.875,3304.0,107.890625,0.015625,0.0,0.10351089585244828,Hold,E
2025-01-26 08:10:30.3160,107.875,1,156.0,107.875,3303.0,107.890625,0.015625,0.0,0.04722979108470185,Hold,E
2025-01-26 08:10:30.3255,107.875,2,377.0,107.875,3407.0,107.890625,0.015625,0.0,0.11065453474885396,Hold,E
2025-01-26 08:10:45.2566,107.875,4,200.0,107.875,3437.0,107.890625,0.015625,0.0,0.05819028220593824,Hold,E
2025-01-26 08:10:45.2568,107.875,1,178.0,107.875,3437.0,107.890625,0.015625,0.0,0.05178935116328503,Hold,E
2025-01-26 08:10:45.2569,107.875,19,158.0,107.875,3437.0,107.890625,0.015625,0.0,0.04597032294269121,Hold,E
2025-01-26 08:10:45.2569,107.875,1,158.0,107.875,3437.0,107.890625,0.015625,0.0,0.04597032294269121,Hold,E
2025-01-26 08:10:45.2572,107.875,1,113.0,107.875,3437.0,107.890625,0.015625,0.0,0.032877509446355105,Hold,E
2025-01-26 08:10:45.2572,107.875,1,112.0,107.875,3437.0,107.890625,0.015625,0.0,0.03258655803532541,Hold,E
2025-01-26 08:10:45.2572,107.875,1,111.0,107.875,3437.0,107.890625,0.015625,0.0,0.032295606624295724,Hold,E
2025-01-26 08:10:45.2573,107.875,1,110.0,107.875,3437.0,107.890625,0.015625,0.0,0.03200465521326603,Hold,E
2025-01-26 08:10:45.2574,107.875,1,107.0,107.875,3429.0,107.890625,0.015625,0.0,0.031204432770135775,Hold,E
2025-01-26 08:10:45.2576,107.875,45,96.0,107.875,3429.0,107.890625,0.015625,0.0,0.027996500429280695,Hold,E
2025-01-26 08:10:45.2578,107.875,1,49.0,107.875,3429.0,107.890625,0.015625,0.0,0.014289880427445355,Hold,E
2025-01-26 08:10:45.2578,107.875,1,48.0,107.875,3429.0,107.890625,0.015625,0.0,0.013998250214640347,Hold,E
2025-01-26 08:10:45.2579,107.875,19,29.0,107.875,3429.0,107.890625,0.015625,0.0,0.00845727617134521,Hold,E
2025-01-26 08:10:45.2579,107.875,2,27.0,107.875,3429.0,107.890625,0.015625,0.0,0.007874015745735196,Hold,E
2025-01-26 08:10:45.2580,107.875,3,24.0,107.875,3429.0,107.890625,0.015625,0.0,0.006999125107320174,Hold,E
2025-01-26 08:10:45.2581,107.875,1,23.0,107.875,3429.0,107.890625,0.015625,0.0,0.006707494894515166,Hold,E
2025-01-26 08:10:45.2581,107.875,1,22.0,107.875,3429.0,107.890625,0.015625,0.0,0.006415864681710159,Hold,E
2025-01-26 08:10:45.2582,107.875,1,21.0,107.875,3429.0,107.890625,0.015625,0.0,0.006124234468905152,Hold,E
2025-01-26 08:10:45.2584,107.875,21,3046.0,107.859375,83.0,107.875,0.015625,0.0,36.698794738568736,Hold,E
2025-01-26 08:10:45.2585,107.875,1,3046.0,107.859375,82.0,107.875,0.015625,0.0,37.146341010410474,Hold,E
2025-01-26 08:10:45.2589,107.875,5,3046.0,107.859375,79.0,107.875,0.015625,0.0,38.556961537253656,Hold,E
2025-01-26 08:10:45.2598,107.875,1,2867.0,107.859375,53.0,107.875,0.015625,0.0,54.09433860199361,Hold,E
2025-01-26 08:10:45.2599,107.875,1,2867.0,107.859375,52.0,107.875,0.015625,0.0,55.13461432433434,Hold,E
2025-01-26 08:10:45.2602,107.875,1,2866.0,107.859375,57.0,107.875,0.015625,0.0,50.280700872268405,Hold,E
2025-01-26 08:10:45.2823,107.875,4,2902.0,107.859375,79.0,107.875,0.015625,0.0,36.7341767502003,Hold,E
2025-01-26 08:10:48.5026,107.875,7,2923.0,107.859375,683.0,107.875,0.015625,0.0,4.279648602811642,Hold,E
2025-01-26 08:10:49.8031,107.875,2,2927.0,107.859375,729.0,107.875,0.015625,0.0,4.015089157729644,Hold,E
2025-01-26 08:11:09.0454,107.875,9,2914.0,107.859375,653.0,107.875,0.015625,0.0,4.462480850746584,Hold,E
2025-01-26 08:11:16.7938,107.8594,169,2926.0,107.859375,952.0,107.875,0.015625,-0.0015599999999977854,3.0735294085362086,Hold,E
2025-01-26 08:11:39.0175,107.875,45,2908.0,107.859375,818.0,107.875,0.015625,0.0,3.5550122205928947,Hold,E
2025-01-26 08:11:39.0176,107.875,44,2908.0,107.859375,773.0,107.875,0.015625,0.0,3.76196635994571,Hold,E
2025-01-26 08:11:39.0193,107.875,1,2919.0,107.859375,612.0,107.875,0.015625,0.0,4.769607835343778,Hold,E
2025-01-26 08:11:39.0196,107.875,1,2919.0,107.859375,478.0,107.875,0.015625,0.0,6.1066945478939445,Hold,E
2025-01-26 08:11:39.0198,107.875,1,2919.0,107.859375,448.0,107.875,0.015625,0.0,6.515624985456194,Hold,E
2025-01-26 08:11:39.0199,107.875,1,2919.0,107.859375,447.0,107.875,0.015625,0.0,6.530201327672928,Hold,E
2025-01-26 08:11:39.0200,107.875,1,2971.0,107.859375,445.0,107.875,0.015625,0.0,6.676404479378866,Hold,E
2025-01-26 08:11:39.0200,107.875,2,2971.0,107.859375,445.0,107.875,0.015625,0.0,6.676404479378866,Hold,E
2025-01-26 08:11:39.0201,107.875,19,2883.0,107.859375,443.0,107.875,0.015625,0.0,6.507900662510382,Hold,E
2025-01-26 08:11:39.0201,107.875,1,2883.0,107.859375,424.0,107.875,0.015625,0.0015599999999977854,6.799528285850169,Buy,E
2025-01-26 08:11:39.0215,107.875,2,2925.0,107.859375,401.0,107.875,0.015625,0.0,7.2942643209619344,Hold,E
2025-01-26 08:11:39.0219,107.875,1,2924.0,107.859375,397.0,107.875,0.015625,0.0,7.365239276158087,Hold,E
2025-01-26 08:11:43.9046,107.8594,1,2945.0,107.859375,429.0,107.875,0.015625,-0.0015600000000119962,6.8648018487999956,Hold,E
2025-01-26 08:11:43.9080,107.8594,10,2944.0,107.859375,429.0,107.875,0.015625,-0.0015599999999977854,6.862470846474427,Hold,E
2025-01-26 08:11:51.6152,107.875,96,3069.0,107.859375,889.0,107.875,0.015625,0.0,3.452193471932291,Hold,E
2025-01-26 08:11:52.7970,107.875,27,3096.0,107.859375,163.0,107.875,0.015625,0.0,18.99386491414807,Hold,E
2025-01-26 08:11:52.7972,107.875,1,3096.0,107.859375,118.0,107.875,0.015625,0.0,26.237287913243325,Hold,E
2025-01-26 08:11:52.7973,107.875,1,3096.0,107.859375,117.0,107.875,0.015625,0.0,26.461538235371467,Hold,E
2025-01-26 08:11:52.7974,107.875,1,3096.0,107.859375,116.0,107.875,0.015625,0.0,26.689654942330563,Hold,E
2025-01-26 08:11:52.7974,107.875,1,3096.0,107.859375,114.0,107.875,0.015625,0.0,27.15789449861496,Hold,E
2025-01-26 08:11:52.7974,107.875,1,3096.0,107.859375,113.0,107.875,0.015625,0.0,27.398229846033363,Hold,E
2025-01-26 08:11:52.7975,107.875,1,3096.0,107.859375,112.0,107.875,0.015625,0.0,27.64285689604592,Hold,E
2025-01-26 08:11:52.7975,107.875,1,3096.0,107.859375,110.0,107.875,0.015625,0.0015600000000119962,28.14545428958678,Buy,E
2025-01-26 08:11:52.7975,107.875,1,3096.0,107.859375,109.0,107.875,0.015625,0.0015599999999977854,28.40366946418652,Buy,E
2025-01-26 08:11:52.7976,107.875,1,3096.0,107.859375,108.0,107.875,0.015625,0.0,28.666666401234572,Hold,E
2025-01-26 08:11:52.7976,107.875,1,3096.0,107.859375,107.0,107.875,0.015625,0.0,28.93457916883571,Hold,E
2025-01-26 08:11:52.7977,107.875,1,3096.0,107.859375,105.0,107.875,0.015625,0.0,29.48571400489796,Hold,E
2025-01-26 08:11:52.7977,107.875,1,3096.0,107.859375,103.0,107.875,0.015625,0.0,30.058252135356778,Hold,E
2025-01-26 08:11:52.7978,107.875,1,3096.0,107.859375,102.0,107.875,0.015625,0.0,30.35294087889274,Hold,E
2025-01-26 08:11:52.7978,107.875,1,3096.0,107.859375,100.0,107.875,0.015625,0.0,30.959999690400004,Hold,E
2025-01-26 08:11:52.7979,107.875,18,3096.0,107.859375,100.0,107.875,0.015625,0.0,30.959999690400004,Hold,E
2025-01-26 08:11:52.7980,107.875,1,3096.0,107.859375,79.0,107.875,0.015625,0.0,39.18987292164718,Hold,E
2025-01-26 08:11:52.7980,107.875,1,3096.0,107.859375,78.0,107.875,0.015625,0.0,39.69230718343196,Hold,E
2025-01-26 08:11:52.7981,107.875,1,3096.0,107.859375,77.0,107.875,0.015625,0.0,40.207791685613095,Hold,E
2025-01-26 08:11:52.7981,107.875,1,3096.0,107.859375,75.0,107.875,0.015625,0.0,41.279999449600005,Hold,E
2025-01-26 08:11:52.7982,107.875,1,3096.0,107.859375,74.0,107.875,0.015625,0.0,41.83783727246166,Hold,E
2025-01-26 08:11:52.7984,107.875,74,3096.0,107.859375,74.0,107.875,0.015625,0.0,41.83783727246166,Hold,E
2025-01-26 08:11:52.8055,107.875,1,423.0,107.875,3443.0,107.890625,0.015625,0.0,0.12285797266254489,Hold,E
2025-01-26 08:11:53.4153,107.875,9,218.0,107.875,3448.0,107.890625,0.015625,0.0,0.06322505798630364,Hold,E
2025-01-26 08:11:53.4156,107.875,9,209.0,107.875,3448.0,107.890625,0.015625,0.0,0.060614849170355325,Hold,E
2025-01-26 08:11:53.4157,107.875,1,200.0,107.875,3448.0,107.890625,0.015625,0.0,0.05800464035440701,Hold,E
2025-01-26 08:11:53.4245,107.875,3,57.0,107.875,3468.0,107.890625,0.015625,0.0,0.016435986154430225,Hold,E
2025-01-26 08:11:53.4246,107.875,1,54.0,107.875,3468.0,107.890625,0.015625,0.0,0.015570934251565475,Hold,E
2025-01-26 08:11:53.4247,107.875,1,52.0,107.875,3468.0,107.890625,0.015625,0.0,0.014994232982988976,Hold,E
2025-01-26 08:11:53.4249,107.875,1,53.0,107.875,3468.0,107.890625,0.015625,0.0,0.015282583617277225,Hold,E
2025-01-26 08:11:53.4252,107.875,33,52.0,107.875,3468.0,107.890625,0.015625,0.0,0.014994232982988976,Hold,E
2025-01-26 08:11:53.4253,107.875,9,19.0,107.875,3468.0,107.890625,0.015625,0.0,0.005478662051476741,Hold,E
2025-01-26 08:11:53.4254,107.875,10,10.0,107.875,3468.0,107.890625,0.015625,0.0,0.0028835063428824955,Hold,E
2025-01-26 08:11:53.4260,107.875,5,3112.0,107.859375,95.0,107.875,0.015625,0.0,32.757894392022166,Hold,E
2025-01-26 08:11:53.4269,107.875,24,3040.0,107.859375,182.0,107.875,0.015625,0.0,16.703296611520347,Hold,E
2025-01-26 08:11:53.4272,107.875,69,3040.0,107.859375,158.0,107.875,0.015625,0.0,19.24050620733857,Hold,E
2025-01-26 08:11:53.4272,107.875,5,3040.0,107.859375,84.0,107.875,0.015625,0.0,36.190475759637195,Hold,E
2025-01-26 08:11:53.4277,107.875,1,3041.0,107.859375,56.0,107.875,0.015625,0.0,54.30357045886482,Hold,E
2025-01-26 08:11:53.4281,107.875,1,2944.0,107.859375,8.0,107.875,0.015625,0.0,367.9999540000058,Hold,E
2025-01-26 08:11:53.4283,107.875,7,2944.0,107.859375,7.0,107.875,0.015625,0.0,420.5713684898045,Hold,E
2025-01-26 08:11:53.4290,107.875,1,246.0,107.875,3437.0,107.890625,0.015625,0.0,0.07157404711330403,Hold,E
2025-01-26 08:11:53.4444,107.875,1,256.0,107.875,3527.0,107.890625,0.015625,0.0,0.07258293164939526,Hold,E
2025-01-26 08:11:53.4447,107.875,1,255.0,107.875,3527.0,107.890625,0.015625,0.0,0.07229940457263981,Hold,E
2025-01-26 08:11:53.4681,107.875,3,264.0,107.875,3479.0,107.890625,0.015625,0.0,0.07588387465481924,Hold,E
2025-01-26 08:11:53.4683,107.875,1,157.0,107.875,3479.0,107.890625,0.015625,0.0,0.045127910306085685,Hold,E
2025-01-26 08:12:00.1003,107.875,1,521.0,107.875,3459.0,107.890625,0.015625,0.0,0.15062156688331266,Hold,E
2025-01-26 08:12:02.0429,107.875,44,530.0,107.875,3452.0,107.890625,0.015625,0.0,0.1535341830377943,Hold,E
2025-01-26 08:12:02.0431,107.875,90,396.0,107.875,3452.0,107.890625,0.015625,0.0,0.11471610657163497,Hold,E
2025-01-26 08:12:02.0440,107.875,1,239.0,107.875,3452.0,107.890625,0.015625,0.0,0.069235225935911,Hold,E
2025-01-26 08:12:02.0441,107.875,1,188.0,107.875,3452.0,107.890625,0.015625,0.0,0.0544611819077459,Hold,E
2025-01-26 08:12:02.0442,107.875,1,187.0,107.875,3452.0,107.890625,0.015625,0.0,0.05417149476993873,Hold,E
2025-01-26 08:12:02.0442,107.875,35,186.0,107.875,3452.0,107.890625,0.015625,0.0,0.05388180763213157,Hold,E
2025-01-26 08:12:02.0443,107.875,24,151.0,107.875,3452.0,107.890625,0.015625,0.0,0.04374275780888101,Hold,E
2025-01-26 08:12:02.0444,107.875,1,124.0,107.875,3452.0,107.890625,0.015625,0.0,0.035921205088087715,Hold,E
2025-01-26 08:12:02.0444,107.875,1,123.0,107.875,3452.0,107.890625,0.015625,0.0,0.03563151795028056,Hold,E
2025-01-26 08:12:02.0444,107.875,1,122.0,107.875,3452.0,107.890625,0.015625,0.0,0.0353418308124734,Hold,E
2025-01-26 08:12:02.0445,107.875,1,121.0,107.875,3452.0,107.890625,0.015625,0.0,0.03505214367466624,Hold,E
2025-01-26 08:12:02.0445,107.875,1,120.0,107.875,3452.0,107.890625,0.015625,0.0,0.03476245653685908,Hold,E
2025-01-26 08:12:02.0446,107.875,1,119.0,107.875,3452.0,107.890625,0.015625,0.0,0.034472769399051924,Hold,E
2025-01-26 08:12:02.0446,107.875,1,118.0,107.875,3452.0,107.890625,0.015625,0.0,0.034183082261244765,Hold,E
2025-01-26 08:12:02.0446,107.875,1,117.0,107.875,3452.0,107.890625,0.015625,0.0,0.03389339512343761,Hold,E
2025-01-26 08:12:02.0447,107.875,1,116.0,107.875,3452.0,107.890625,0.015625,0.0,0.03360370798563044,Hold,E
2025-01-26 08:12:02.0447,107.875,1,115.0,107.875,3452.0,107.890625,0.015625,0.0,0.033314020847823284,Hold,E
2025-01-26 08:12:02.0447,107.875,1,114.0,107.875,3452.0,107.890625,0.015625,0.0,0.033024333710016125,Hold,E
2025-01-26 08:12:02.0448,107.875,1,113.0,107.875,3452.0,107.890625,0.015625,0.0,0.03273464657220897,Hold,E
2025-01-26 08:12:02.0448,107.875,1,112.0,107.875,3452.0,107.890625,0.015625,0.0,0.03244495943440181,Hold,E
2025-01-26 08:12:02.0448,107.875,1,111.0,107.875,3452.0,107.890625,0.015625,0.0,0.03215527229659465,Hold,E
2025-01-26 08:12:02.0449,107.875,1,110.0,107.875,3452.0,107.890625,0.015625,0.0,0.03186558515878749,Hold,E
2025-01-26 08:12:02.0449,107.875,1,109.0,107.875,3452.0,107.890625,0.015625,0.0,0.031575898020980334,Hold,E
2025-01-26 08:12:02.0449,107.875,1,108.0,107.875,3452.0,107.890625,0.015625,0.0,0.031286210883173175,Hold,E
2025-01-26 08:12:02.0450,107.875,1,107.0,107.875,3452.0,107.890625,0.015625,0.0,0.030996523745366013,Hold,E
2025-01-26 08:12:02.0450,107.875,1,106.0,107.875,3452.0,107.890625,0.015625,0.0,0.030706836607558855,Hold,E
2025-01-26 08:12:02.0451,107.875,1,105.0,107.875,3452.0,107.890625,0.015625,0.0,0.030417149469751697,Hold,E
2025-01-26 08:12:02.0451,107.875,1,104.0,107.875,3452.0,107.890625,0.015625,0.0,0.03012746233194454,Hold,E
2025-01-26 08:12:02.0452,107.875,1,103.0,107.875,3455.0,107.890625,0.015625,0.0,0.029811866850995117,Hold,E
2025-01-26 08:12:02.0452,107.875,2,101.0,107.875,3455.0,107.890625,0.015625,0.0,0.029232995650004923,Hold,E
2025-01-26 08:12:02.0458,107.875,42,74.0,107.875,3455.0,107.890625,0.015625,0.0,0.02141823443663727,Hold,E
2025-01-26 08:12:02.0461,107.875,3,32.0,107.875,3455.0,107.890625,0.015625,0.0,0.009261939215843144,Hold,E
2025-01-26 08:12:02.0461,107.875,1,28.0,107.875,3455.0,107.890625,0.015625,0.0,0.00810419681386275,Hold,E
2025-01-26 08:12:02.0462,107.875,1,27.0,107.875,3455.0,107.890625,0.015625,0.0,0.007814761213367653,Hold,E
2025-01-26 08:12:02.0462,107.875,1,26.0,107.875,3455.0,107.890625,0.015625,0.0,0.007525325612872554,Hold,E
2025-01-26 08:12:02.0463,107.875,1,25.0,107.875,3455.0,107.890625,0.015625,0.0,0.007235890012377456,Hold,E
2025-01-26 08:12:02.0463,107.875,9,16.0,107.875,3455.0,107.890625,0.015625,0.0,0.004630969607921572,Hold,E
2025-01-26 08:12:02.0464,107.875,4,16.0,107.875,3455.0,107.890625,0.015625,0.0,0.004630969607921572,Hold,E
2025-01-26 08:12:02.0466,107.875,13,3082.0,107.859375,31.0,107.875,0.015625,0.0,99.41935163163382,Hold,E
2025-01-26 08:12:02.0472,107.875,4,3082.0,107.859375,174.0,107.875,0.015625,0.0,17.71264357636412,Hold,E
2025-01-26 08:12:02.0479,107.875,1,3082.0,107.859375,153.0,107.875,0.015625,0.0,20.14379071801444,Hold,E
2025-01-26 08:12:02.0488,107.875,6,3089.0,107.859375,22.0,107.875,0.015625,0.0,140.4090845268598,Hold,E
2025-01-26 08:12:02.0493,107.875,2,3090.0,107.859375,22.0,107.875,0.015625,0.0,140.45453907024822,Hold,E
2025-01-26 08:12:02.0494,107.875,1,3090.0,107.859375,20.0,107.875,0.015625,0.0,154.49999227500038,Hold,E
2025-01-26 08:12:02.0496,107.875,1,3090.0,107.859375,21.0,107.875,0.015625,0.0,147.14285013605476,Hold,E
2025-01-26 08:12:02.0497,107.875,5,3090.0,107.859375,16.0,107.875,0.015625,0.0,193.12498792968825,Hold,E
2025-01-26 08:12:02.0497,107.875,4,3090.0,107.859375,12.0,107.875,0.015625,0.0,257.4999785416685,Hold,E
2025-01-26 08:12:02.0498,107.875,1,3090.0,107.859375,11.0,107.875,0.015625,0.0,280.9090653719032,Hold,E
2025-01-26 08:12:02.0500,107.875,1,3090.0,107.859375,2.0,107.875,0.015625,0.0,1544.999227500386,Hold,E
2025-01-26 08:12:02.0500,107.875,1,3090.0,107.859375,1.0,107.875,0.015625,0.0,3089.9969100030903,Hold,E
2025-01-26 08:12:02.0646,107.875,7,3132.0,107.859375,7.0,107.875,0.015625,0.0,447.4285075102132,Hold,E
2025-01-26 08:12:02.0661,107.875,1,211.0,107.875,3374.0,107.890625,0.015625,0.0,0.06253704799569146,Hold,E
2025-01-26 08:12:02.0662,107.875,1,212.0,107.875,3374.0,107.890625,0.015625,0.0,0.06283343210941511,Hold,E
2025-01-26 08:12:48.2662,107.875,1,1970.0,107.875,3297.0,107.890625,0.015625,0.0,0.5975128903252919,Hold,E
2025-01-26 08:13:03.4688,107.8906,5,1706.0,107.875,3316.0,107.890625,0.015625,0.0015599999999977854,0.5144752712561896,Hold,E
2025-01-26 08:13:04.6459,107.8906,1,2717.0,107.875,2472.0,107.890625,0.015625,0.0015599999999977854,1.0991100319178357,Buy,E
2025-01-26 08:13:15.1342,107.8906,1319,4085.0,107.875,2313.0,107.890625,0.015625,0.0015600000000119962,1.7661046252632493,Buy,E
2025-01-26 08:13:15.1359,107.8906,1,4085.0,107.875,936.0,107.890625,0.015625,0.0015599999999977854,4.364316234653509,Buy,E
2025-01-26 08:13:15.1360,107.8906,1,4085.0,107.875,935.0,107.890625,0.015625,0.0015599999999977854,4.368983952546541,Buy,E
2025-01-26 08:13:15.1364,107.8906,4,4086.0,107.875,744.0,107.890625,0.015625,0.0015599999999835745,5.491935476489334,Buy,E
2025-01-26 08:13:15.1378,107.8906,1,4090.0,107.875,738.0,107.890625,0.015625,0.0015599999999977854,5.542005412544708,Buy,E
2025-01-26 08:13:15.1378,107.8906,19,4090.0,107.875,737.0,107.890625,0.015625,0.001560000000026207,5.549525094234023,Buy,E
2025-01-26 08:13:15.1383,107.8906,2,4091.0,107.875,718.0,107.890625,0.015625,0.0015599999999835745,5.697771579808117,Buy,E
2025-01-26 08:13:15.1383,107.8906,90,4091.0,107.875,716.0,107.890625,0.015625,0.0015600000000119962,5.713687142857979,Buy,E
2025-01-26 08:13:15.1384,107.8906,1,4091.0,107.875,626.0,107.890625,0.015625,0.0,6.535143759528524,Hold,E
2025-01-26 08:13:15.1384,107.8906,1,4091.0,107.875,625.0,107.890625,0.015625,0.0,6.54559998952704,Hold,E
2025-01-26 08:13:15.1386,107.8906,1,4091.0,107.875,624.0,107.890625,0.015625,0.0,6.55608973308319,Hold,E
2025-01-26 08:13:15.1386,107.8906,44,4091.0,107.875,623.0,107.890625,0.015625,0.0,6.56661315157847,Hold,E
2025-01-26 08:13:15.1387,107.8906,1,4091.0,107.875,579.0,107.890625,0.015625,0.0,7.065630385033454,Hold,E
2025-01-26 08:13:15.1388,107.8906,9,4092.0,107.875,578.0,107.890625,0.015625,0.0,7.079584762838088,Hold,E
2025-01-26 08:13:15.1388,107.8906,1,4092.0,107.875,568.0,107.890625,0.015625,0.0,7.204225339429181,Hold,E
2025-01-26 08:13:15.1389,107.8906,13,4092.0,107.875,568.0,107.890625,0.015625,0.0,7.204225339429181,Hold,E
2025-01-26 08:13:15.1390,107.8906,15,4092.0,107.875,555.0,107.890625,0.015625,0.0,7.372972959688337,Hold,E
2025-01-26 08:13:15.1390,107.8906,34,4092.0,107.875,540.0,107.890625,0.015625,0.0,7.577777763744856,Hold,E
2025-01-26 08:13:15.1390,107.8906,9,4092.0,107.875,506.0,107.890625,0.015625,0.0,8.086956505757003,Hold,E
2025-01-26 08:13:15.1391,107.8906,9,4092.0,107.875,497.0,107.890625,0.015625,0.0,8.23340038584829,Hold,E
2025-01-26 08:13:15.1391,107.8906,14,4092.0,107.875,488.0,107.890625,0.015625,0.0,8.385245884456463,Hold,E
2025-01-26 08:13:15.1392,107.8906,1,4092.0,107.875,473.0,107.890625,0.015625,0.0,8.65116277240769,Hold,E
2025-01-26 08:13:15.1392,107.8906,14,4092.0,107.875,459.0,107.890625,0.015625,0.0,8.915032660315832,Hold,E
2025-01-26 08:13:15.1392,107.8906,1,4092.0,107.875,458.0,107.890625,0.015625,0.0,8.93449779708625,Hold,E
2025-01-26 08:13:15.1398,107.8906,458,4092.0,107.875,458.0,107.890625,0.015625,0.0,8.93449779708625,Hold,E
2025-01-26 08:13:15.1412,107.8906,1,340.0,107.890625,3099.0,107.90625,0.015625,0.0,0.10971281054865673,Hold,E
2025-01-26 08:13:15.1424,107.8906,1,344.0,107.890625,3099.0,107.90625,0.015625,0.0,0.11100354949628799,Hold,E
2025-01-26 08:13:15.1452,107.8906,119,620.0,107.890625,3100.0,107.90625,0.015625,0.0,0.19999999993548387,Hold,E
2025-01-26 08:13:15.1492,107.8906,1,724.0,107.890625,3142.0,107.90625,0.015625,0.0,0.2304264798757395,Hold,E
2025-01-26 08:13:15.1493,107.8906,44,629.0,107.890625,3143.0,107.90625,0.015625,0.0,0.20012726687873775,Hold,E
2025-01-26 08:13:15.1493,107.8906,6,629.0,107.890625,3143.0,107.90625,0.015625,0.0,0.20012726687873775,Hold,E
2025-01-26 08:13:15.1494,107.8906,2,623.0,107.890625,3143.0,107.90625,0.015625,0.0,0.1982182627431695,Hold,E
2025-01-26 08:13:15.1550,107.8906,9,695.0,107.890625,3195.0,107.90625,0.015625,0.0,0.21752738647338737,Hold,E
2025-01-26 08:13:15.1687,107.8906,6,1287.0,107.890625,3105.0,107.90625,0.015625,0.0,0.4144927534896964,Hold,E
2025-01-26 08:13:15.2139,107.8906,1,1326.0,107.890625,2935.0,107.90625,0.015625,0.0,0.4517887562344843,Hold,E
2025-01-26 08:13:15.2794,107.8906,2,1406.0,107.890625,2938.0,107.90625,0.015625,0.0,0.4785568412258146,Hold,E
2025-01-26 08:13:15.2847,107.8906,2,1385.0,107.890625,2938.0,107.90625,0.015625,0.0,0.47140912169114735,Hold,E
2025-01-26 08:13:15.3583,107.8906,1,1881.0,107.890625,2852.0,107.90625,0.015625,0.0,0.6595371666691665,Hold,E
2025-01-26 08:13:16.1263,107.8906,5,1755.0,107.890625,2893.0,107.90625,0.015625,0.0,0.6066367090886151,Hold,E
2025-01-26 08:13:16.3144,107.8906,5,1758.0,107.890625,2893.0,107.90625,0.015625,0.0,0.607673694916117,Hold,E
2025-01-26 08:13:16.8835,107.8906,1,1800.0,107.890625,2871.0,107.90625,0.015625,0.0,0.6269592474305262,Hold,E
2025-01-26 08:13:30.2977,107.8906,2,2015.0,107.890625,2250.0,107.90625,0.015625,0.0,0.8955555551575309,Hold,E
2025-01-26 08:13:31.0880,107.8906,20,1974.0,107.890625,2115.0,107.90625,0.015625,0.0,0.933333332892041,Hold,E
2025-01-26 08:13:53.8446,107.9063,331,2108.0,107.890625,749.0,107.90625,0.015625,0.0015700000000009595,2.81441922187661,Buy,E
2025-01-26 08:13:53.8457,107.9063,19,2108.0,107.890625,414.0,107.90625,0.015625,0.0015700000000009595,5.091787427314523,Buy,E
2025-01-26 08:13:53.8458,107.9063,1,2108.0,107.890625,395.0,107.90625,0.015625,0.0015700000000151704,5.336708847248838,Buy,E
2025-01-26 08:13:53.8458,107.9063,1,2108.0,107.890625,393.0,107.90625,0.015625,0.0015699999999867487,5.363867670829853,Buy,E
2025-01-26 08:13:53.8459,107.9063,15,2108.0,107.890625,378.0,107.90625,0.015625,0.0015699999999867487,5.5767195619663505,Buy,E
2025-01-26 08:13:53.8461,107.9063,27,2123.0,107.890625,349.0,107.90625,0.015625,0.0015700000000009595,6.083094538443855,Buy,E
2025-01-26 08:13:53.8461,107.9063,1,2123.0,107.890625,349.0,107.90625,0.015625,0.0015700000000151704,6.083094538443855,Buy,E
2025-01-26 08:13:53.8461,107.9063,1,2123.0,107.890625,348.0,107.90625,0.015625,0.0015699999999867487,6.100574695113291,Buy,E
2025-01-26 08:13:53.8461,107.9063,1,2123.0,107.890625,347.0,107.90625,0.015625,0.0015700000000151704,6.118155601964969,Buy,E
2025-01-26 08:13:53.8462,107.9063,1,2123.0,107.890625,346.0,107.90625,0.015625,0.0015699999999867487,6.1358381325553815,Buy,E
2025-01-26 08:13:53.8463,107.9063,26,2123.0,107.890625,345.0,107.90625,0.015625,0.0,6.153623170569208,Hold,E
2025-01-26 08:13:53.8463,107.9063,1,2123.0,107.890625,345.0,107.90625,0.015625,0.0,6.153623170569208,Hold,E
2025-01-26 08:13:53.8464,107.9063,1,2123.0,107.890625,317.0,107.90625,0.015625,0.0,6.697160862154067,Hold,E
2025-01-26 08:13:53.8465,107.9063,2,2154.0,107.890625,314.0,107.90625,0.015625,0.0,6.859872589618241,Hold,E
2025-01-26 08:13:53.8465,107.9063,1,2154.0,107.890625,313.0,107.90625,0.015625,0.0,6.881789115393645,Hold,E
2025-01-26 08:13:53.8466,107.9063,5,2154.0,107.890625,223.0,107.90625,0.015625,0.0,9.659192781797342,Hold,E
2025-01-26 08:13:53.8471,107.9063,74,2154.0,107.890625,223.0,107.90625,0.015625,0.0,9.659192781797342,Hold,E
2025-01-26 08:13:53.8471,107.9063,1,2154.0,107.890625,158.0,107.90625,0.015625,0.0,13.632911306120814,Hold,E
2025-01-26 08:13:53.8473,107.9063,1,2154.0,107.890625,157.0,107.90625,0.015625,0.0,13.719745135543025,Hold,E
2025-01-26 08:13:53.8473,107.9063,2,2154.0,107.890625,155.0,107.90625,0.015625,0.0,13.89677410389178,Hold,E
2025-01-26 08:13:53.8473,107.9063,1,2154.0,107.890625,152.0,107.90625,0.015625,0.0,14.17105253834834,Hold,E
2025-01-26 08:13:53.8473,107.9063,3,2154.0,107.890625,152.0,107.90625,0.015625,0.0,14.17105253834834,Hold,E
2025-01-26 08:13:53.8474,107.9063,44,2154.0,107.890625,107.0,107.90625,0.015625,0.0,20.130840933356627,Hold,E
2025-01-26 08:13:53.8474,107.9063,44,2154.0,107.890625,63.0,107.90625,0.015625,0.0,34.19047564777023,Hold,E
2025-01-26 08:13:53.8475,107.9063,8,2154.0,107.890625,55.0,107.90625,0.015625,0.0,39.16363565157026,Hold,E
2025-01-26 08:13:53.8475,107.9063,1,2154.0,107.890625,53.0,107.90625,0.015625,0.0,40.641508667141345,Hold,E
2025-01-26 08:13:53.8476,107.9063,1,2154.0,107.890625,52.0,107.90625,0.015625,0.0,41.42307612647931,Hold,E
2025-01-26 08:13:53.8476,107.9063,1,2154.0,107.890625,51.0,107.90625,0.015625,0.0,42.23529328950406,Hold,E
2025-01-26 08:13:53.8477,107.9063,24,2154.0,107.890625,51.0,107.90625,0.015625,0.0,42.23529328950406,Hold,E
2025-01-26 08:13:53.8477,107.9063,1,2154.0,107.890625,26.0,107.90625,0.015625,0.0,82.84615065976344,Hold,E
2025-01-26 08:13:53.8477,107.9063,1,2154.0,107.890625,25.0,107.90625,0.015625,0.0,86.15999655360014,Hold,E
2025-01-26 08:13:53.8477,107.9063,1,2154.0,107.890625,24.0,107.90625,0.015625,0.0,89.74999626041682,Hold,E
2025-01-26 08:13:53.8478,107.9063,1,2154.0,107.890625,23.0,107.90625,0.015625,0.0,93.65216984121,Hold,E
2025-01-26 08:13:53.8478,107.9063,1,2154.0,107.890625,22.0,107.90625,0.015625,0.0,97.90908645867789,Hold,E
2025-01-26 08:13:53.8478,107.9063,1,2154.0,107.890625,21.0,107.90625,0.015625,0.0,102.57142368707505,Hold,E
2025-01-26 08:13:53.8478,107.9063,1,2154.0,107.890625,20.0,107.90625,0.015625,0.0,107.69999461500026,Hold,E
2025-01-26 08:13:53.8479,107.9063,1,2154.0,107.890625,19.0,107.90625,0.015625,0.0,113.36841508587288,Hold,E
2025-01-26 08:13:53.8479,107.9063,1,2154.0,107.890625,18.0,107.90625,0.015625,0.0,119.66666001851888,Hold,E
2025-01-26 08:13:53.8479,107.9063,1,2154.0,107.890625,17.0,107.90625,0.015625,0.0,126.7058748996544,Hold,E
2025-01-26 08:13:53.8479,107.9063,1,2154.0,107.890625,16.0,107.90625,0.015625,0.0,134.624991585938,Hold,E
2025-01-26 08:13:53.8480,107.9063,1,2154.0,107.890625,15.0,107.90625,0.015625,0.0,143.59999042666732,Hold,E
2025-01-26 08:13:53.8480,107.9063,1,2154.0,107.890625,14.0,107.90625,0.015625,0.0,153.85713186734773,Hold,E
2025-01-26 08:13:53.8481,107.9063,19,2154.0,107.890625,9.0,107.90625,0.015625,0.0,239.33330674074372,Hold,E
2025-01-26 08:13:53.8481,107.9063,1,2154.0,107.890625,8.0,107.90625,0.015625,0.0,269.24996634375424,Hold,E
2025-01-26 08:13:53.8482,107.9063,26,2154.0,107.890625,2.0,107.90625,0.015625,0.0,1076.9994615002693,Hold,E
2025-01-26 08:13:53.8483,107.9063,12,2154.0,107.890625,10.0,107.90625,0.015625,0.0,215.39997846000216,Hold,E
2025-01-26 08:13:53.8483,107.9063,1,2155.0,107.890625,9.0,107.90625,0.015625,0.0,239.44441783950916,Hold,E
2025-01-26 08:13:53.8484,107.9063,6,2155.0,107.890625,3.0,107.90625,0.015625,0.0,718.3330938889686,Hold,E
2025-01-26 08:13:53.8486,107.9063,45,2160.0,107.890625,8.0,107.90625,0.015625,0.0,269.99996625000426,Hold,E
2025-01-26 08:13:53.8488,107.9063,2,2160.0,107.890625,6.0,107.90625,0.015625,0.0,359.99994000001,Hold,E
2025-01-26 08:13:53.8489,107.9063,2,2160.0,107.890625,4.0,107.90625,0.015625,0.0,539.9998650000338,Hold,E
2025-01-26 08:13:53.8489,107.9063,2,2160.0,107.890625,2.0,107.90625,0.015625,0.0,1079.99946000027,Hold,E
2025-01-26 08:13:53.8491,107.9063,2,2163.0,107.890625,6.0,107.90625,0.015625,0.0,360.4999399166767,Hold,E
2025-01-26 08:13:53.8491,107.9063,2,2163.0,107.890625,4.0,107.90625,0.015625,0.0,540.7498648125338,Hold,E
2025-01-26 08:13:53.8492,107.9063,2,2163.0,107.890625,1.0,107.90625,0.015625,0.0,2162.997837002163,Hold,E
2025-01-26 08:13:53.8492,107.9063,1,2163.0,107.890625,1.0,107.90625,0.015625,0.0,2162.997837002163,Hold,E
2025-01-26 08:13:53.8492,107.9063,1,2163.0,107.890625,1.0,107.90625,0.015625,0.0,2162.997837002163,Hold,E
2025-01-26 08:13:53.8504,107.9063,1,84.0,107.90625,3212.0,107.921875,0.015625,0.0,0.026151930253377358,Hold,E
2025-01-26 08:13:53.8510,107.9063,5,103.0,107.90625,3212.0,107.921875,0.015625,0.0,0.032067247810688905,Hold,E
2025-01-26 08:13:53.8512,107.9063,45,98.0,107.90625,3212.0,107.921875,0.015625,0.0,0.030510585295606917,Hold,E
2025-01-26 08:13:53.8514,107.9063,32,32.0,107.90625,3192.0,107.921875,0.015625,0.0,0.010025062653500921,Hold,E
2025-01-26 08:13:53.8515,107.9063,4,2187.0,107.890625,9.0,107.90625,0.015625,0.0,242.99997300000302,Hold,E
2025-01-26 08:13:53.8515,107.9063,9,2187.0,107.890625,9.0,107.90625,0.015625,0.0,242.99997300000302,Hold,E
2025-01-26 08:13:53.8516,107.9063,10,10.0,107.90625,3192.0,107.921875,0.015625,0.0,0.0031328320792190375,Hold,E
2025-01-26 08:13:53.8518,107.9063,2,2202.0,107.890625,38.0,107.90625,0.015625,0.0,57.94736689612193,Hold,E
2025-01-26 08:13:53.8519,107.9063,8,2201.0,107.890625,28.0,107.90625,0.015625,0.0,78.607140049745,Hold,E
2025-01-26 08:13:53.8522,107.9063,125,2210.0,107.890625,142.0,107.90625,0.015625,0.0,15.563380172088872,Hold,E
2025-01-26 08:13:53.8525,107.9063,2,2211.0,107.890625,88.0,107.90625,0.015625,0.0,25.12499971448864,Hold,E
2025-01-26 08:13:53.8531,107.9063,5,2238.0,107.890625,195.0,107.90625,0.015625,0.0,11.476923018067062,Hold,E
2025-01-26 08:13:53.8534,107.9063,3,2239.0,107.890625,189.0,107.90625,0.015625,0.0,11.846560783880632,Hold,E
2025-01-26 08:13:53.8537,107.9063,1,2324.0,107.890625,194.0,107.90625,0.015625,0.0,11.979381381549581,Hold,E
2025-01-26 08:13:53.8538,107.9063,1,2324.0,107.890625,193.0,107.90625,0.015625,0.0,12.041450714811136,Hold,E
2025-01-26 08:13:53.8544,107.9063,2,2330.0,107.890625,160.0,107.90625,0.015625,0.0,14.562499908984377,Hold,E
2025-01-26 08:13:53.8544,107.9063,2,2315.0,107.890625,158.0,107.90625,0.015625,0.0,14.65189864144368,Hold,E
2025-01-26 08:13:53.8546,107.9063,1,2315.0,107.890625,156.0,107.90625,0.015625,0.0,14.839743494617029,Hold,E
2025-01-26 08:13:53.8546,107.9063,1,2315.0,107.890625,155.0,107.90625,0.015625,0.0,14.935483774609782,Hold,E
2025-01-26 08:13:53.8556,107.9063,5,2660.0,107.890625,154.0,107.90625,0.015625,0.0,17.272727160566706,Hold,E
2025-01-26 08:13:53.8558,107.9063,1,2660.0,107.890625,214.0,107.90625,0.015625,0.0,12.429906483972399,Hold,E
2025-01-26 08:13:53.8571,107.9063,1,2600.0,107.890625,324.0,107.90625,0.015625,0.0,8.024691333257126,Hold,E
2025-01-26 08:13:53.8572,107.9063,2,2600.0,107.890625,370.0,107.90625,0.015625,0.0,7.027027008035062,Hold,E
2025-01-26 08:13:53.8575,107.9063,1,2601.0,107.890625,330.0,107.90625,0.015625,0.0,7.881818157933885,Hold,E
2025-01-26 08:13:53.8576,107.9063,1,2601.0,107.890625,330.0,107.90625,0.015625,0.0,7.881818157933885,Hold,E
2025-01-26 08:13:53.8577,107.9063,1,2601.0,107.890625,329.0,107.90625,0.015625,0.0,7.9057750519581305,Hold,E
2025-01-26 08:13:53.8591,107.9063,1,2611.0,107.890625,161.0,107.90625,0.015625,0.0,16.21739120361869,Hold,E
2025-01-26 08:13:53.8592,107.9063,44,2611.0,107.890625,160.0,107.90625,0.015625,0.0,16.318749898007813,Hold,E
2025-01-26 08:13:53.8595,107.9063,1,2611.0,107.890625,79.0,107.90625,0.015625,0.0,33.05063249302997,Hold,E
2025-01-26 08:13:53.8596,107.9063,4,2611.0,107.890625,85.0,107.90625,0.015625,0.0,30.717646697439452,Hold,E
2025-01-26 08:13:53.8600,107.9063,2,2619.0,107.890625,35.0,107.90625,0.015625,0.0,74.82856929061231,Hold,E
2025-01-26 08:13:53.8607,107.9063,1,2606.0,107.890625,63.0,107.90625,0.015625,0.0,41.36507870849081,Hold,E
2025-01-26 08:13:53.8609,107.9063,1,2603.0,107.890625,28.0,107.90625,0.015625,0.0,92.96428239413277,Hold,E
2025-01-26 08:13:53.8609,107.9063,1,2603.0,107.890625,27.0,107.90625,0.015625,0.0,96.40740383676281,Hold,E
2025-01-26 08:13:53.8610,107.9063,3,2603.0,107.890625,19.0,107.90625,0.015625,0.0,136.99999278947405,Hold,E
2025-01-26 08:13:53.8610,107.9063,1,2603.0,107.890625,16.0,107.90625,0.015625,0.0,162.68748983203187,Hold,E
2025-01-26 08:13:53.8611,107.9063,1,2603.0,107.890625,14.0,107.90625,0.015625,0.0,185.92855814796013,Hold,E
2025-01-26 08:13:53.8611,107.9063,1,2603.0,107.890625,14.0,107.90625,0.015625,0.0,185.92855814796013,Hold,E
2025-01-26 08:13:53.8611,107.9063,1,2603.0,107.890625,13.0,107.90625,0.015625,0.0,200.23075382840355,Hold,E
2025-01-26 08:13:53.8611,107.9063,1,2603.0,107.890625,12.0,107.90625,0.015625,0.0,216.9166485902793,Hold,E
2025-01-26 08:13:53.8612,107.9063,1,2603.0,107.890625,10.0,107.90625,0.015625,0.0,260.2999739700026,Hold,E
2025-01-26 08:13:53.8612,107.9063,1,2603.0,107.890625,9.0,107.90625,0.015625,0.0,289.2221900864233,Hold,E
2025-01-26 08:13:53.8612,107.9063,1,2603.0,107.890625,9.0,107.90625,0.015625,0.0,289.2221900864233,Hold,E
2025-01-26 08:13:53.8612,107.9063,1,2603.0,107.890625,8.0,107.90625,0.015625,0.0,325.3749593281301,Hold,E
2025-01-26 08:13:53.8613,107.9063,1,2603.0,107.890625,6.0,107.90625,0.015625,0.0,433.83326102778983,Hold,E
2025-01-26 08:13:53.8613,107.9063,1,2603.0,107.890625,6.0,107.90625,0.015625,0.0,433.83326102778983,Hold,E
2025-01-26 08:13:53.8613,107.9063,1,2603.0,107.890625,5.0,107.90625,0.015625,0.0,520.5998958800208,Hold,E
2025-01-26 08:13:53.8613,107.9063,1,2603.0,107.890625,3.0,107.90625,0.015625,0.0,867.6663774445408,Hold,E
2025-01-26 08:13:53.8614,107.9063,1,2603.0,107.890625,1.0,107.90625,0.015625,0.0,2602.997397002603,Hold,E
2025-01-26 08:13:53.8614,107.9063,1,2603.0,107.890625,1.0,107.90625,0.015625,0.0,2602.997397002603,Hold,E
2025-01-26 08:13:53.8621,107.9063,3,15.0,107.90625,3235.0,107.921875,0.015625,0.0,0.0046367851608541625,Hold,E
2025-01-26 08:13:53.8624,107.9063,1,171.0,107.90625,3214.0,107.921875,0.015625,0.0,0.053204729292717884,Hold,E
2025-01-26 08:13:53.8625,107.9063,1,162.0,107.90625,3214.0,107.921875,0.015625,0.0,0.050404480382574834,Hold,E
2025-01-26 08:13:53.8626,107.9063,1,161.0,107.90625,3214.0,107.921875,0.015625,0.0,0.05009334161478116,Hold,E
2025-01-26 08:13:54.6029,107.9063,5,1687.0,107.90625,3178.0,107.921875,0.015625,0.0,0.5308370042382514,Hold,E
2025-01-26 08:13:59.9388,107.9063,2,1751.0,107.90625,3217.0,107.921875,0.015625,0.0,0.5442959277139273,Hold,E
2025-01-26 08:14:03.9631,107.9063,1,1780.0,107.90625,3135.0,107.921875,0.015625,0.0,0.5677830939177726,Hold,E
2025-01-26 08:14:11.0468,107.9219,12,1783.0,107.90625,3138.0,107.921875,0.015625,0.0015599999999977854,0.5681963031968782,Hold,E
2025-01-26 08:14:16.8573,107.9063,5,1786.0,107.90625,3158.0,107.921875,0.015625,0.0,0.5655478148937467,Hold,E
2025-01-26 08:14:16.8780,107.9063,3,1781.0,107.90625,3158.0,107.921875,0.015625,0.0,0.5639645343369334,Hold,E
2025-01-26 08:14:19.2135,107.9063,2,599.0,107.90625,3376.0,107.921875,0.015625,0.0,0.1774289099000507,Hold,E
2025-01-26 08:14:19.2135,107.9063,2,597.0,107.90625,3376.0,107.921875,0.015625,0.0,0.1768364928386148,Hold,E
2025-01-26 08:14:19.2135,107.9063,1,595.0,107.90625,3376.0,107.921875,0.015625,0.0,0.1762440757771789,Hold,E
2025-01-26 08:14:19.2139,107.9063,2,517.0,107.90625,3376.0,107.921875,0.015625,0.0,0.15313981038117896,Hold,E
2025-01-26 08:14:19.2146,107.9063,1,285.0,107.90625,3393.0,107.921875,0.015625,0.0,0.08399646328205233,Hold,E
2025-01-26 08:14:19.2146,107.9063,13,284.0,107.90625,3393.0,107.921875,0.015625,0.0,0.08370173884948372,Hold,E
2025-01-26 08:14:19.2147,107.9063,5,271.0,107.90625,3393.0,107.921875,0.015625,0.0,0.07987032122609186,Hold,E
2025-01-26 08:14:19.2147,107.9063,4,266.0,107.90625,3393.0,107.921875,0.015625,-0.0015599999999977854,0.07839669906324884,Sell,E
2025-01-26 08:14:19.2148,107.9063,87,262.0,107.90625,3393.0,107.921875,0.015625,0.0,0.07721780133297441,Hold,E
2025-01-26 08:14:19.2148,107.9063,7,175.0,107.90625,3393.0,107.921875,0.015625,0.0,0.05157677569950581,Hold,E
2025-01-26 08:14:19.2149,107.9063,1,168.0,107.90625,3393.0,107.921875,0.015625,0.0,0.049513704671525584,Hold,E
2025-01-26 08:14:19.2150,107.9063,3,167.0,107.90625,3393.0,107.921875,0.015625,0.0,0.049218980238956975,Hold,E
2025-01-26 08:14:19.2150,107.9063,2,162.0,107.90625,3393.0,107.921875,0.015625,0.0,0.04774535807611396,Hold,E
2025-01-26 08:14:19.2151,107.9063,38,162.0,107.90625,3393.0,107.921875,0.015625,0.0,0.04774535807611396,Hold,E
2025-01-26 08:14:19.2151,107.9063,3,124.0,107.90625,3393.0,107.921875,0.015625,0.0,0.03654582963850698,Hold,E
2025-01-26 08:14:19.2155,107.9063,100,121.0,107.90625,3442.0,107.921875,0.015625,0.0,0.03515398023383092,Hold,E
2025-01-26 08:14:19.2160,107.9063,45,64.0,107.90625,3446.0,107.921875,0.015625,0.0,0.018572257684685938,Hold,E
2025-01-26 08:14:19.2161,107.9063,19,2921.0,107.890625,3446.0,107.921875,0.03125,0.0,0.8476494483901191,Hold,E
2025-01-26 08:14:19.2161,107.9063,1,2921.0,107.890625,69.0,107.90625,0.015625,0.0,42.333332719806776,Hold,E
2025-01-26 08:14:19.2172,107.9063,1,2921.0,107.890625,310.0,107.90625,0.015625,0.0,9.422580614765868,Hold,E
2025-01-26 08:14:19.2178,107.9063,1,2921.0,107.890625,385.0,107.90625,0.015625,0.0,7.5870129673064595,Hold,E
2025-01-26 08:14:19.2181,107.9063,13,2922.0,107.890625,409.0,107.90625,0.015625,0.0,7.1442542612609925,Hold,E
2025-01-26 08:14:19.2182,107.9063,25,2922.0,107.890625,299.0,107.90625,0.015625,0.0,9.772575218151923,Hold,E
2025-01-26 08:14:19.2185,107.9063,2,2922.0,107.890625,276.0,107.90625,0.015625,0.0,10.586956483380593,Hold,E
2025-01-26 08:14:19.2192,107.9063,2,2851.0,107.890625,320.0,107.90625,0.015625,0.0,8.909374972158203,Hold,E
2025-01-26 08:14:19.2194,107.9063,26,2811.0,107.890625,355.0,107.90625,0.015625,0.0,7.918309836849832,Hold,E
2025-01-26 08:14:19.2194,107.9063,3,2811.0,107.890625,329.0,107.90625,0.015625,0.0,8.54407292235844,Hold,E
2025-01-26 08:14:19.2204,107.9063,1,2821.0,107.890625,215.0,107.90625,0.015625,0.0,13.120930171530558,Hold,E
2025-01-26 08:14:19.2208,107.9063,1,2820.0,107.890625,206.0,107.90625,0.015625,0.0,13.689320321896503,Hold,E
2025-01-26 08:14:19.2209,107.9063,1,2820.0,107.890625,200.0,107.90625,0.015625,0.0,14.099999929500001,Hold,E
2025-01-26 08:14:19.2260,107.9063,45,2790.0,107.890625,134.0,107.90625,0.015625,0.0,20.820895367008244,Hold,E
2025-01-26 08:14:19.2261,107.9063,45,2790.0,107.890625,89.0,107.90625,0.015625,0.0,31.348314254513323,Hold,E
2025-01-26 08:14:19.2263,107.9063,44,2790.0,107.890625,44.0,107.90625,0.015625,0.0,63.40908946797524,Hold,E
2025-01-26 08:14:19.2265,107.9063,1,72.0,107.90625,3385.0,107.921875,0.015625,0.0,0.021270310185739938,Hold,E
2025-01-26 08:14:19.2456,107.9063,1,506.0,107.90625,3415.0,107.921875,0.015625,0.0,0.1481698389024393,Hold,E
2025-01-26 08:14:27.9018,107.9063,1,590.0,107.90625,3296.0,107.921875,0.015625,0.0,0.17900485431462232,Hold,E
2025-01-26 08:14:43.6692,107.9219,150,2240.0,107.90625,3227.0,107.921875,0.015625,0.0015599999999977854,0.6941431668130948,Hold,E
2025-01-26 08:14:44.0895,107.9219,1,2244.0,107.90625,2934.0,107.921875,0.015625,0.0015599999999977854,0.7648261756084437,Hold,E
2025-01-26 08:14:46.9593,107.9063,13,2887.0,107.90625,3024.0,107.921875,0.015625,0.0,0.954695766880061,Hold,E
2025-01-26 08:14:52.0634,107.9063,49,2237.0,107.90625,3056.0,107.921875,0.015625,0.0,0.7320026175615175,Hold,E
2025-01-26 08:15:06.3289,107.9063,1,2183.0,107.90625,3293.0,107.921875,0.015625,0.0,0.6629213481132945,Hold,E
2025-01-26 08:15:06.8412,107.9219,50,2182.0,107.90625,3293.0,107.921875,0.015625,0.0015599999999977854,0.6626176736524089,Hold,E
2025-01-26 08:15:11.1864,107.9219,50,2361.0,107.90625,2913.0,107.921875,0.015625,0.0015599999999977854,0.8105046341192913,Hold,E
2025-01-26 08:15:20.2845,107.9063,25,2143.0,107.90625,3340.0,107.921875,0.015625,0.0,0.6416167662749651,Hold,E
2025-01-26 08:15:20.2846,107.9063,3,2115.0,107.90625,3340.0,107.921875,0.015625,1.4210854715202004e-14,0.6332335327445409,Hold,E
2025-01-26 08:15:20.3085,107.9063,28,2140.0,107.90625,3340.0,107.921875,0.015625,-1.4210854715202004e-14,0.6407185626824197,Sell,E
2025-01-26 08:15:20.3815,107.9063,19,2120.0,107.90625,3340.0,107.921875,0.015625,-0.0015599999999977854,0.6347305387321166,Sell,E
2025-01-26 08:15:20.4065,107.9063,22,2101.0,107.90625,3340.0,107.921875,0.015625,-0.0015599999999977854,0.6290419159793288,Sell,E
2025-01-26 08:15:20.4075,107.9063,3,2072.0,107.90625,3340.0,107.921875,0.015625,0.0,0.6203592812513895,Hold,E
2025-01-26 08:15:21.0370,107.9063,25,2026.0,107.90625,3276.0,107.921875,0.015625,0.0,0.6184371182483404,Hold,E
2025-01-26 08:15:21.3091,107.9063,7,2000.0,107.90625,3314.0,107.921875,0.015625,0.0,0.6035003015680446,Hold,E
2025-01-26 08:15:21.3102,107.9063,400,1992.0,107.90625,3314.0,107.921875,0.015625,-0.0015599999999977854,0.6010863003617725,Sell,E
2025-01-26 08:15:21.3123,107.9063,1,1566.0,107.90625,3352.0,107.921875,0.015625,-0.0015599999999977854,0.4671837707436803,Sell,E
2025-01-26 08:15:21.3124,107.9063,1,1564.0,107.90625,3404.0,107.921875,0.015625,0.0,0.4594594593244831,Hold,E
2025-01-26 08:15:21.3125,107.9063,1,1551.0,107.90625,3404.0,107.921875,0.015625,0.0,0.455640422897873,Hold,E
2025-01-26 08:15:21.3128,107.9063,1,1549.0,107.90625,3404.0,107.921875,0.015625,0.0,0.45505287883224066,Hold,E
2025-01-26 08:15:21.3131,107.9063,293,1535.0,107.90625,3410.0,107.921875,0.015625,0.0,0.4501466274339746,Hold,E
2025-01-26 08:15:21.3148,107.9063,1,1308.0,107.90625,3411.0,107.921875,0.015625,0.0,0.3834652593422852,Hold,E
2025-01-26 08:15:21.3149,107.9063,1,1307.0,107.90625,3411.0,107.921875,0.015625,0.0,0.38317209018376663,Hold,E
2025-01-26 08:15:21.3150,107.9063,1,1305.0,107.90625,3411.0,107.921875,0.015625,0.0,0.3825857518667295,Hold,E
2025-01-26 08:15:21.3150,107.9063,19,1286.0,107.90625,3411.0,107.921875,0.015625,0.0,0.37701553785487674,Hold,E
2025-01-26 08:15:21.3150,107.9063,2,1286.0,107.90625,3411.0,107.921875,0.015625,0.0,0.37701553785487674,Hold,E
2025-01-26 08:15:21.3150,107.9063,1,1284.0,107.90625,3411.0,107.921875,0.015625,0.0,0.3764291995378396,Hold,E
2025-01-26 08:15:21.3151,107.9063,14,1244.0,107.90625,3412.0,107.921875,0.015625,0.0,0.36459554502796143,Hold,E
2025-01-26 08:15:21.3155,107.9063,1,1224.0,107.90625,3399.0,107.921875,0.015625,0.0,0.3601059133980271,Hold,E
2025-01-26 08:15:22.5891,107.9063,1300,1241.0,107.90625,3411.0,107.921875,0.015625,0.0,0.36382292572154123,Hold,E
2025-01-26 08:15:22.5895,107.9063,669,941.0,107.90625,3411.0,107.921875,0.015625,0.0,0.2758721781659712,Hold,E
2025-01-26 08:15:22.5895,107.9063,1,271.0,107.90625,3411.0,107.921875,0.015625,0.0,0.07944884195853157,Hold,E
2025-01-26 08:15:22.5896,107.9063,19,252.0,107.90625,3411.0,107.921875,0.015625,0.0,0.0738786279466788,Hold,E
2025-01-26 08:15:22.5896,107.9063,1,250.0,107.90625,3411.0,107.921875,0.015625,0.0,0.07329228962964167,Hold,E
2025-01-26 08:15:22.5897,107.9063,1,249.0,107.90625,3411.0,107.921875,0.015625,0.0,0.0729991204711231,Hold,E
2025-01-26 08:15:22.5898,107.9063,1,249.0,107.90625,3411.0,107.921875,0.015625,0.0,0.0729991204711231,Hold,E
2025-01-26 08:15:22.5900,107.9063,1,248.0,107.90625,3411.0,107.921875,0.015625,0.0,0.07270595131260453,Hold,E
2025-01-26 08:15:22.5900,107.9063,240,247.0,107.90625,3411.0,107.921875,0.015625,0.0,0.07241278215408596,Hold,E
2025-01-26 08:15:22.5901,107.9063,1,7.0,107.90625,3411.0,107.921875,0.015625,0.0,0.0020521841096299664,Hold,E
2025-01-26 08:15:22.5901,107.9063,1,6.0,107.90625,3411.0,107.921875,0.015625,0.0,0.0017590149511113999,Hold,E
2025-01-26 08:15:22.5901,107.9063,1,5.0,107.90625,3411.0,107.921875,0.015625,0.0,0.0014658457925928333,Hold,E
2025-01-26 08:15:22.5901,107.9063,1,4.0,107.90625,3411.0,107.921875,0.015625,0.0,0.0011726766340742667,Hold,E
2025-01-26 08:15:22.5902,107.9063,1,3.0,107.90625,3411.0,107.921875,0.015625,0.0,0.0008795074755556999,Hold,E
2025-01-26 08:15:22.5902,107.9063,1,2.0,107.90625,3411.0,107.921875,0.015625,0.0,0.0005863383170371334,Hold,E
2025-01-26 08:15:22.5902,107.9063,1,4494.0,107.890625,3411.0,107.921875,0.03125,0.0,1.3175021983824386,Hold,E
2025-01-26 08:15:22.5935,107.9063,3,4396.0,107.890625,698.0,107.90625,0.015625,0.0,6.29799426031806,Hold,E
2025-01-26 08:15:22.5936,107.9063,1,4396.0,107.890625,544.0,107.90625,0.015625,0.0,8.080882338086614,Hold,E
2025-01-26 08:15:22.5936,107.9063,5,4396.0,107.890625,545.0,107.90625,0.015625,0.0,8.066055031071459,Hold,E
2025-01-26 08:15:22.5938,107.9063,5,4396.0,107.890625,658.0,107.90625,0.015625,0.0,6.680851053676518,Hold,E
2025-01-26 08:15:22.5938,107.9063,4,4396.0,107.890625,649.0,107.90625,0.015625,0.0,6.7734976783151035,Hold,E
2025-01-26 08:15:22.5939,107.9063,11,4396.0,107.890625,650.0,107.90625,0.015625,0.0,6.763076912672189,Hold,E
2025-01-26 08:15:22.5940,107.9063,1,4396.0,107.890625,642.0,107.90625,0.015625,0.0,6.847352014256461,Hold,E
2025-01-26 08:15:22.5940,107.9063,1,4396.0,107.890625,641.0,107.90625,0.015625,0.0,6.858034310673894,Hold,E
2025-01-26 08:15:22.5940,107.9063,1,4396.0,107.890625,640.0,107.90625,0.015625,0.0,6.868749989267578,Hold,E
2025-01-26 08:15:22.5945,107.9063,45,4396.0,107.890625,614.0,107.90625,0.015625,0.0,7.159609108860572,Hold,E
2025-01-26 08:15:22.5947,107.9063,45,4396.0,107.890625,576.0,107.90625,0.015625,0.0,7.631944431194541,Hold,E
2025-01-26 08:15:22.5953,107.9063,1,4341.0,107.890625,609.0,107.90625,0.015625,0.0,7.128078806029428,Hold,E
2025-01-26 08:15:22.5978,107.9063,2,4324.0,107.890625,319.0,107.90625,0.015625,0.0,13.554858891677558,Hold,E
2025-01-26 08:15:22.5978,107.9063,1,4324.0,107.890625,317.0,107.90625,0.015625,0.0,13.640378505866314,Hold,E
2025-01-26 08:15:22.5980,107.9063,1,4325.0,107.890625,316.0,107.90625,0.015625,0.0,13.686708817447125,Hold,E
2025-01-26 08:15:22.5981,107.9063,2,4325.0,107.890625,310.0,107.90625,0.015625,0.0,13.951612858220603,Hold,E
2025-01-26 08:15:22.5983,107.9063,1,4325.0,107.890625,247.0,107.90625,0.015625,0.0,17.510121386598698,Hold,E
2025-01-26 08:15:22.5998,107.9063,4,4274.0,107.890625,349.0,107.90625,0.015625,0.0,12.246418303018858,Hold,E
2025-01-26 08:15:22.6035,107.9063,5,4274.0,107.890625,225.0,107.90625,0.015625,0.0,18.995555471130864,Hold,E
2025-01-26 08:15:22.6535,107.9063,4,4326.0,107.890625,258.0,107.90625,0.015625,0.0,16.767441795475033,Hold,E
2025-01-26 08:15:22.6537,107.9063,1,4326.0,107.890625,254.0,107.90625,0.015625,0.0,17.031495995938993,Hold,E
2025-01-26 08:15:22.6537,107.9063,1,4326.0,107.890625,227.0,107.90625,0.015625,0.0,19.057268638514234,Hold,E
2025-01-26 08:15:22.8973,107.9063,4,4335.0,107.890625,225.0,107.90625,0.015625,0.0,19.266666581037036,Hold,E
2025-01-26 08:15:22.8975,107.9063,1,4335.0,107.890625,221.0,107.90625,0.015625,0.0,19.61538452662722,Hold,E
2025-01-26 08:15:22.8975,107.9063,1,4335.0,107.890625,219.0,107.90625,0.015625,0.0,19.79452045755927,Hold,E
2025-01-26 08:15:23.2054,107.9063,3,4353.0,107.890625,281.0,107.90625,0.015625,0.0,15.491103147718494,Hold,E
2025-01-26 08:15:23.2056,107.9063,1,4353.0,107.890625,280.0,107.90625,0.015625,0.0,15.546428515905612,Hold,E
2025-01-26 08:15:23.2057,107.9063,1,4353.0,107.890625,279.0,107.90625,0.015625,0.0,15.602150481712723,Hold,E
2025-01-26 08:15:23.2057,107.9063,1,4338.0,107.890625,277.0,107.90625,0.015625,0.0,15.660649762957943,Hold,E
2025-01-26 08:15:23.2058,107.9063,1,4338.0,107.890625,276.0,107.90625,0.015625,0.0,15.717391247400757,Hold,E
2025-01-26 08:15:23.4054,107.9063,3,4338.0,107.890625,345.0,107.90625,0.015625,0.0,12.573913007032136,Hold,E
2025-01-26 08:15:23.4056,107.9063,1,4338.0,107.890625,352.0,107.90625,0.015625,0.0,12.32386360135266,Hold,E
2025-01-26 08:15:23.4057,107.9063,1,4338.0,107.890625,350.0,107.90625,0.015625,0.0,12.39428567887347,Hold,E
2025-01-26 08:15:24.1175,107.9063,100,4344.0,107.890625,506.0,107.90625,0.015625,0.0,8.584980220187786,Hold,E
2025-01-26 08:15:24.1180,107.9063,1,4344.0,107.890625,381.0,107.90625,0.015625,0.0,11.401574773224214,Hold,E
2025-01-26 08:15:24.1180,107.9063,1,4344.0,107.890625,380.0,107.90625,0.015625,0.0,11.431578917285318,Hold,E
2025-01-26 08:15:24.1181,107.9063,4,4329.0,107.890625,378.0,107.90625,0.015625,0.0,11.452380922083648,Hold,E
2025-01-26 08:15:24.1183,107.9063,1,4329.0,107.890625,373.0,107.90625,0.015625,0.0,11.605898092209388,Hold,E
2025-01-26 08:15:24.1185,107.9063,43,4330.0,107.890625,373.0,107.90625,0.015625,0.0,11.608579057349655,Hold,E
2025-01-26 08:15:24.1190,107.9063,1,4346.0,107.890625,496.0,107.90625,0.015625,0.0,8.762096756528031,Hold,E
2025-01-26 08:15:24.1190,107.9063,1,4346.0,107.890625,494.0,107.90625,0.015625,0.0,8.797570832393582,Hold,E
2025-01-26 08:15:24.1190,107.9063,1,4346.0,107.890625,493.0,107.90625,0.015625,0.0,8.815415803619846,Hold,E
2025-01-26 08:15:24.1191,107.9063,1,4346.0,107.890625,492.0,107.90625,0.015625,0.0,8.833333315379404,Hold,E
2025-01-26 08:15:27.2473,107.9063,3,4306.0,107.890625,759.0,107.90625,0.015625,0.0,5.6732542744752905,Hold,E
2025-01-26 08:15:28.4137,107.9063,2,4335.0,107.890625,599.0,107.90625,0.015625,0.0,7.2370617575341205,Hold,E
2025-01-26 08:15:28.4142,107.9063,1,4336.0,107.890625,464.0,107.90625,0.015625,0.0,9.344827566067183,Hold,E
2025-01-26 08:15:28.4142,107.9063,1,4336.0,107.890625,463.0,107.90625,0.015625,0.0,9.365010778909264,Hold,E
2025-01-26 08:15:28.4143,107.9063,2,4352.0,107.890625,442.0,107.90625,0.015625,0.0,9.84615382387748,Hold,E
2025-01-26 08:15:28.4143,107.9063,29,4352.0,107.890625,440.0,107.90625,0.015625,0.0,9.890909068429751,Hold,E
2025-01-26 08:15:28.4147,107.9063,10,4352.0,107.890625,398.0,107.90625,0.015625,0.0,10.934673339360117,Hold,E
2025-01-26 08:15:28.4148,107.9063,90,4352.0,107.890625,388.0,107.90625,0.015625,0.0,11.216494816452332,Hold,E
2025-01-26 08:15:28.4150,107.9063,48,4352.0,107.890625,298.0,107.90625,0.015625,0.0,14.604026796630782,Hold,E
2025-01-26 08:15:28.4150,107.9063,48,4352.0,107.890625,201.0,107.90625,0.015625,0.0,21.651741185812234,Hold,E
2025-01-26 08:15:28.4154,107.9063,1,4353.0,107.890625,200.0,107.90625,0.015625,0.0,21.764999891175002,Hold,E
2025-01-26 08:15:28.4157,107.9063,144,4354.0,107.890625,198.0,107.90625,0.015625,0.0,21.989898878838893,Hold,E
2025-01-26 08:15:28.4161,107.9063,29,4354.0,107.890625,142.0,107.90625,0.015625,0.0,30.66197161505654,Hold,E
2025-01-26 08:15:28.4162,107.9063,1,4354.0,107.890625,112.0,107.90625,0.015625,0.0,38.87499965290179,Hold,E
2025-01-26 08:15:28.4163,107.9063,1,4354.0,107.890625,111.0,107.90625,0.015625,0.0,39.22522487184482,Hold,E
2025-01-26 08:15:28.4163,107.9063,1,4264.0,107.890625,110.0,107.90625,0.015625,0.0,38.763636011239676,Hold,E
2025-01-26 08:15:28.4164,107.9063,1,4264.0,107.890625,109.0,107.90625,0.015625,0.0,39.119265696153526,Hold,E
2025-01-26 08:15:28.4165,107.9063,1,4265.0,107.890625,108.0,107.90625,0.015625,0.0,39.490740375085736,Hold,E
2025-01-26 08:15:28.4165,107.9063,1,4265.0,107.890625,107.0,107.90625,0.015625,0.0,39.859812711590536,Hold,E
2025-01-26 08:15:28.4165,107.9063,1,4265.0,107.890625,106.0,107.90625,0.015625,0.0,40.23584867702029,Hold,E
2025-01-26 08:15:28.4166,107.9063,1,4265.0,107.890625,105.0,107.90625,0.015625,0.0,40.61904723219955,Hold,E
2025-01-26 08:15:28.4167,107.9063,1,4265.0,107.890625,104.0,107.90625,0.015625,0.0,41.009614990292164,Hold,E
2025-01-26 08:15:28.4168,107.9063,4,4265.0,107.890625,102.0,107.90625,0.015625,0.0,41.8137250802576,Hold,E
2025-01-26 08:15:28.4168,107.9063,1,4265.0,107.890625,101.0,107.90625,0.015625,0.0,42.22772235418097,Hold,E
2025-01-26 08:15:28.4169,107.9063,2,4265.0,107.890625,99.0,107.90625,0.015625,0.0,43.080807645648406,Hold,E
2025-01-26 08:15:28.4170,107.9063,2,4265.0,107.890625,95.0,107.90625,0.015625,0.0,44.89473636952909,Hold,E
2025-01-26 08:15:28.4170,107.9063,1,4265.0,107.890625,94.0,107.90625,0.015625,0.0,45.37233994284745,Hold,E
2025-01-26 08:15:28.4172,107.9063,1,4265.0,107.890625,91.0,107.90625,0.015625,0.0,46.86813135309746,Hold,E
2025-01-26 08:15:28.4172,107.9063,2,4265.0,107.890625,91.0,107.90625,0.015625,0.0,46.86813135309746,Hold,E
2025-01-26 08:15:28.4172,107.9063,9,4265.0,107.890625,91.0,107.90625,0.015625,0.0,46.86813135309746,Hold,E
2025-01-26 08:15:28.4174,107.9063,1,4265.0,107.890625,81.0,107.90625,0.015625,0.0,52.654320337600986,Hold,E
2025-01-26 08:15:28.4175,107.9063,1,4265.0,107.890625,80.0,107.90625,0.015625,0.0,53.31249933359376,Hold,E
2025-01-26 08:15:28.4175,107.9063,1,4265.0,107.890625,79.0,107.90625,0.015625,0.0,53.987341088767835,Hold,E
2025-01-26 08:15:28.4175,107.9063,20,4265.0,107.890625,59.0,107.90625,0.015625,0.0,72.28813436799773,Hold,E
2025-01-26 08:15:28.4176,107.9063,18,4265.0,107.890625,41.0,107.90625,0.015625,0.0,104.02438770672225,Hold,E
2025-01-26 08:15:28.4176,107.9063,1,4265.0,107.890625,40.0,107.90625,0.015625,0.0,106.62499733437507,Hold,E
2025-01-26 08:15:28.4177,107.9063,141,4265.0,107.890625,79.0,107.90625,0.015625,0.0,53.987341088767835,Hold,E
2025-01-26 08:15:28.4177,107.9063,1,4265.0,107.890625,78.0,107.90625,0.015625,0.0,54.67948647846812,Hold,E
2025-01-26 08:15:28.4177,107.9063,13,4265.0,107.890625,65.0,107.90625,0.015625,0.0,65.61538360591717,Hold,E
2025-01-26 08:15:28.4178,107.9063,1,4265.0,107.890625,64.0,107.90625,0.015625,0.0,66.64062395874025,Hold,E
2025-01-26 08:15:28.4178,107.9063,1,4265.0,107.890625,63.0,107.90625,0.015625,0.0,67.69841162383474,Hold,E
2025-01-26 08:15:28.4178,107.9063,1,4265.0,107.890625,62.0,107.90625,0.015625,0.0,68.79032147112385,Hold,E
2025-01-26 08:15:28.4179,107.9063,1,4265.0,107.890625,61.0,107.90625,0.015625,0.0,69.91803164068801,Hold,E
2025-01-26 08:15:28.4179,107.9063,1,4265.0,107.890625,60.0,107.90625,0.015625,0.0,71.08333214861113,Hold,E
2025-01-26 08:15:28.4179,107.9063,1,4265.0,107.890625,59.0,107.90625,0.015625,0.0,72.28813436799773,Hold,E
2025-01-26 08:15:28.4179,107.9063,1,4265.0,107.890625,58.0,107.90625,0.015625,0.0,73.5344814907848,Hold,E
2025-01-26 08:15:28.4180,107.9063,1,4265.0,107.890625,57.0,107.90625,0.015625,0.0,74.82456009079719,Hold,E
2025-01-26 08:15:28.4180,107.9063,1,4265.0,107.890625,55.0,107.90625,0.015625,0.0,77.54545313553722,Hold,E
2025-01-26 08:15:28.4181,107.9063,1,4265.0,107.890625,54.0,107.90625,0.015625,0.0,78.98148001886149,Hold,E
2025-01-26 08:15:28.4181,107.9063,1,4265.0,107.890625,53.0,107.90625,0.015625,0.0,80.47169659487365,Hold,E
2025-01-26 08:15:28.4181,107.9063,1,4265.0,107.890625,52.0,107.90625,0.015625,0.0,82.01922919193791,Hold,E
2025-01-26 08:15:28.4182,107.9063,1,4266.0,107.890625,51.0,107.90625,0.015625,0.0,83.64705718339104,Hold,E
2025-01-26 08:15:28.4182,107.9063,3,4266.0,107.890625,48.0,107.90625,0.015625,0.0,88.87499814843754,Hold,E
2025-01-26 08:15:28.4183,107.9063,1,4266.0,107.890625,47.0,107.90625,0.015625,0.0,90.76595551561797,Hold,E
2025-01-26 08:15:28.4183,107.9063,5,4266.0,107.890625,42.0,107.90625,0.015625,0.0,101.57142615306128,Hold,E
2025-01-26 08:15:28.4185,107.9063,76,4278.0,107.890625,48.0,107.90625,0.015625,0.0,89.1249981432292,Hold,E
2025-01-26 08:15:28.4185,107.9063,1,4278.0,107.890625,48.0,107.90625,0.015625,0.0,89.1249981432292,Hold,E
2025-01-26 08:15:28.4189,107.9063,1,4278.0,107.890625,13.0,107.90625,0.015625,0.0,329.07689776331557,Hold,E
2025-01-26 08:15:28.4190,107.9063,1,4278.0,107.890625,14.0,107.90625,0.015625,0.0,305.57140674489955,Hold,E
2025-01-26 08:15:28.4191,107.9063,1,4280.0,107.890625,13.0,107.90625,0.015625,0.0,329.2307439053274,Hold,E
2025-01-26 08:15:28.4192,107.9063,1,4334.0,107.890625,331.0,107.90625,0.015625,0.0,13.093655549565995,Hold,E
2025-01-26 08:15:28.4196,107.9063,5,4334.0,107.890625,449.0,107.90625,0.015625,0.0,9.652561225718127,Hold,E
2025-01-26 08:15:28.4777,107.9063,1,4284.0,107.890625,118.0,107.90625,0.015625,0.0,36.30508443809251,Hold,E
2025-01-26 08:15:28.4780,107.9063,19,4284.0,107.890625,117.0,107.90625,0.015625,0.0,36.615384302432616,Hold,E
2025-01-26 08:15:28.4780,107.9063,1,4284.0,107.890625,95.0,107.90625,0.015625,0.0,45.09473636742383,Hold,E
2025-01-26 08:15:28.4781,107.9063,1,4284.0,107.890625,94.0,107.90625,0.015625,0.0,45.574467600271625,Hold,E
2025-01-26 08:15:28.4784,107.9063,93,4284.0,107.890625,94.0,107.90625,0.015625,0.0,45.574467600271625,Hold,E
2025-01-26 08:15:28.4790,107.9063,1,155.0,107.90625,3227.0,107.921875,0.015625,0.0,0.048032228060727544,Hold,E
2025-01-26 08:15:28.4796,107.9063,3,219.0,107.90625,3232.0,107.921875,0.015625,0.0,0.0677599009691337,Hold,E
2025-01-26 08:15:28.4800,107.9063,3,235.0,107.90625,3247.0,107.921875,0.015625,0.0,0.07237449951574546,Hold,E
2025-01-26 08:15:28.4801,107.9063,1,216.0,107.90625,3247.0,107.921875,0.015625,0.0,0.06652294423574902,Hold,E
2025-01-26 08:15:28.4845,107.9063,24,290.0,107.90625,3394.0,107.921875,0.015625,0.0,0.08544490274441813,Hold,E
2025-01-26 08:15:28.5528,107.9063,6,334.0,107.90625,3381.0,107.921875,0.015625,0.0,0.09878734099414749,Hold,E
2025-01-26 08:15:28.5650,107.9063,2,365.0,107.90625,3381.0,107.921875,0.015625,0.0,0.10795622593671807,Hold,E
2025-01-26 08:15:28.6527,107.9063,26,362.0,107.90625,3382.0,107.921875,0.015625,0.0,0.10703725602985298,Hold,E
2025-01-26 08:15:28.6529,107.9063,1,336.0,107.90625,3382.0,107.921875,0.015625,0.0,0.09934949730947679,Hold,E
2025-01-26 08:15:28.8123,107.9063,27,313.0,107.90625,3398.0,107.921875,0.015625,0.0,0.09211300762445174,Hold,E
2025-01-26 08:15:29.1616,107.9063,1,287.0,107.90625,3376.0,107.921875,0.015625,0.0,0.08501184831605099,Hold,E
2025-01-26 08:15:29.5064,107.9063,247,247.0,107.90625,3376.0,107.921875,0.015625,0.0,0.07316350708733309,Hold,E
2025-01-26 08:15:29.5253,107.9063,18,4321.0,107.890625,595.0,107.90625,0.015625,0.0,7.2621848617442275,Hold,E
2025-01-26 08:15:36.0447,107.9063,719,2658.0,107.890625,719.0,107.90625,0.015625,0.0,3.6968011075148803,Hold,E
2025-01-26 08:15:36.0465,107.9063,2,1078.0,107.90625,3313.0,107.921875,0.015625,0.0,0.32538484747196356,Hold,E
2025-01-26 08:15:36.0501,107.9063,2,1761.0,107.90625,3333.0,107.921875,0.015625,0.0,0.5283528351250066,Hold,E
2025-01-26 08:15:36.0534,107.9063,4,1944.0,107.90625,3243.0,107.921875,0.015625,0.0,0.5994449581870351,Hold,E
2025-01-26 08:15:37.0836,107.9063,25,1401.0,107.90625,3224.0,107.921875,0.015625,0.0,0.4345533497411435,Hold,E
2025-01-26 08:15:37.1046,107.9063,25,1317.0,107.90625,3226.0,107.921875,0.015625,0.0,0.40824550514313535,Hold,E
2025-01-26 08:15:37.1048,107.9063,50,1292.0,107.90625,3226.0,107.921875,0.015625,0.0,0.4004959701176392,Hold,E
2025-01-26 08:15:37.1267,107.9063,25,1168.0,107.90625,3275.0,107.921875,0.015625,0.0,0.35664122126514775,Hold,E
2025-01-26 08:15:37.1269,107.9063,1,1143.0,107.90625,3275.0,107.921875,0.015625,0.0,0.34900763348121905,Hold,E
2025-01-26 08:15:37.1477,107.9063,25,1142.0,107.90625,3275.0,107.921875,0.015625,0.0,0.3487022899698619,Hold,E
2025-01-26 08:15:37.1686,107.9063,25,1115.0,107.90625,3275.0,107.921875,0.015625,0.0,0.34045801516321894,Hold,E
2025-01-26 08:15:37.1906,107.9063,25,1092.0,107.90625,3275.0,107.921875,0.015625,0.0,0.3334351144020046,Hold,E
2025-01-26 08:15:37.2117,107.9063,25,1060.0,107.90625,3291.0,107.921875,0.015625,0.0,0.32209054988693697,Hold,E
2025-01-26 08:15:37.2327,107.9063,25,1027.0,107.90625,3291.0,107.921875,0.015625,0.0,0.31206320257913606,Hold,E
2025-01-26 08:15:37.2537,107.9063,25,982.0,107.90625,3291.0,107.921875,0.015625,0.0,0.29838954715940763,Hold,E
2025-01-26 08:15:37.2747,107.9063,25,957.0,107.90625,3291.0,107.921875,0.015625,0.0,0.29079307192622517,Hold,E
2025-01-26 08:15:38.1381,107.9063,50,958.0,107.90625,3291.0,107.921875,0.015625,0.0,0.29109693093555244,Hold,E
2025-01-26 08:15:38.3377,107.9219,10,875.0,107.90625,3293.0,107.921875,0.015625,0.0015599999999977854,0.2657151532749119,Hold,E
2025-01-26 08:15:48.5038,107.9219,6,1089.0,107.90625,3406.0,107.921875,0.015625,0.0015599999999977854,0.31972988833830596,Hold,E
2025-01-26 08:15:51.9066,107.9219,3,1390.0,107.90625,3362.0,107.921875,0.015625,0.0015599999999977854,0.41344437822324676,Hold,E
2025-01-26 08:15:59.4393,107.9063,1,1363.0,107.90625,3304.0,107.921875,0.015625,0.0,0.4125302662189679,Hold,E
2025-01-26 08:16:17.4739,107.9063,100,2361.0,107.90625,2872.0,107.921875,0.015625,0.0,0.8220752086274111,Hold,E
2025-01-26 08:16:38.8746,107.9063,1,2323.0,107.90625,2549.0,107.921875,0.015625,0.0,0.9113377791638534,Hold,E
2025-01-26 08:16:45.6289,107.9063,1,2362.0,107.90625,2560.0,107.921875,0.015625,0.0,0.9226562496395875,Hold,E
2025-01-26 08:17:01.5510,107.9219,1,2153.0,107.90625,2577.0,107.921875,0.015625,0.0015599999999977854,0.8354675976579482,Hold,E
2025-01-26 08:17:02.4011,107.9219,39,2099.0,107.90625,2576.0,107.921875,0.015625,0.0015600000000119962,0.8148291922302682,Hold,E
2025-01-26 08:17:12.7027,107.9063,5,1849.0,107.90625,2548.0,107.921875,0.015625,0.0,0.7256671896681055,Hold,E
2025-01-26 08:17:20.0319,107.9063,50,1843.0,107.90625,2543.0,107.921875,0.015625,-0.0015600000000119962,0.7247345651888578,Sell,E
2025-01-26 08:17:37.4409,107.9063,11,1803.0,107.90625,2513.0,107.921875,0.015625,-0.0015599999999977854,0.7174691600805932,Sell,E
2025-01-26 08:17:49.7639,107.9219,27,1789.0,107.90625,2596.0,107.921875,0.015625,0.0,0.6891371337869272,Hold,E
2025-01-26 08:18:01.5038,107.9063,60,2342.0,107.90625,2611.0,107.921875,0.015625,0.0,0.896974338990052,Hold,E
2025-01-26 08:18:36.1330,107.9219,1,1547.0,107.90625,3007.0,107.921875,0.015625,0.0015599999999977854,0.5144662452562467,Hold,E
2025-01-26 08:18:42.0903,107.9063,800,1620.0,107.90625,2954.0,107.921875,0.015625,0.0,0.5484089368488798,Hold,E
2025-01-26 08:18:42.0924,107.9063,1,799.0,107.90625,2954.0,107.921875,0.015625,0.0,0.270480704038429,Hold,E
2025-01-26 08:18:42.0929,107.9063,1,798.0,107.90625,2954.0,107.921875,0.015625,-0.0015599999999977854,0.2701421800033371,Sell,E
2025-01-26 08:18:42.0946,107.9063,1,610.0,107.90625,3004.0,107.921875,0.015625,-0.0015599999999977854,0.2030625831547728,Sell,E
2025-01-26 08:18:42.0950,107.9063,2,607.0,107.90625,3006.0,107.921875,0.015625,0.0,0.20192947431738875,Hold,E
2025-01-26 08:18:42.0950,107.9063,1,605.0,107.90625,3058.0,107.921875,0.015625,0.0,0.1978417265540086,Hold,E
2025-01-26 08:18:42.0951,107.9063,1,605.0,107.90625,3058.0,107.921875,0.015625,0.0,0.1978417265540086,Hold,E
2025-01-26 08:18:42.0955,107.9063,2,602.0,107.90625,3060.0,107.921875,0.015625,-0.0015599999999977854,0.19673202607949936,Sell,E
2025-01-26 08:18:42.0955,107.9063,10,592.0,107.90625,3060.0,107.921875,0.015625,0.0,0.19346405222435817,Hold,E
2025-01-26 08:18:42.0956,107.9063,1,591.0,107.90625,3060.0,107.921875,0.015625,-0.0015599999999977854,0.19313725483884403,Sell,E
2025-01-26 08:18:42.0958,107.9063,1,590.0,107.90625,3060.0,107.921875,0.015625,0.0,0.19281045745332992,Hold,E
2025-01-26 08:18:42.0961,107.9063,530,590.0,107.90625,3060.0,107.921875,0.015625,0.0,0.19281045745332992,Hold,E
2025-01-26 08:18:42.0997,107.9063,1,2799.0,107.890625,259.0,107.90625,0.015625,0.0,10.806949765224132,Hold,E
2025-01-26 08:18:42.0998,107.9063,1,2799.0,107.890625,258.0,107.90625,0.015625,0.0,10.848837167252569,Hold,E
2025-01-26 08:18:42.1025,107.9063,88,2682.0,107.890625,634.0,107.90625,0.015625,0.0,4.230283904999553,Hold,E
2025-01-26 08:18:42.1037,107.9063,22,2676.0,107.890625,418.0,107.90625,0.015625,0.0,6.4019138602825025,Hold,E
2025-01-26 08:18:42.1037,107.9063,1,2676.0,107.890625,374.0,107.90625,0.015625,0.0,7.155080194772513,Hold,E
2025-01-26 08:18:42.1046,107.9063,2,2676.0,107.890625,367.0,107.90625,0.015625,0.0,7.291553113646994,Hold,E
2025-01-26 08:18:42.1049,107.9063,74,2671.0,107.890625,363.0,107.90625,0.015625,0.0,7.358126701492764,Hold,E
2025-01-26 08:18:42.1050,107.9063,10,2671.0,107.890625,271.0,107.90625,0.015625,0.0,9.856088524516279,Hold,E
2025-01-26 08:18:42.1052,107.9063,6,2671.0,107.890625,261.0,107.90625,0.015625,0.0,10.233716435886144,Hold,E
2025-01-26 08:18:42.1053,107.9063,2,2671.0,107.890625,255.0,107.90625,0.015625,0.0,10.47450976284506,Hold,E
2025-01-26 08:18:42.1056,107.9063,1,2671.0,107.890625,252.0,107.90625,0.015625,0.0,10.599206307146007,Hold,E
2025-01-26 08:18:42.1057,107.9063,143,2671.0,107.890625,252.0,107.90625,0.015625,0.0,10.599206307146007,Hold,E
2025-01-26 08:18:42.1058,107.9063,1,2671.0,107.890625,205.0,107.90625,0.015625,0.0,13.02926822912552,Hold,E
2025-01-26 08:18:42.1060,107.9063,20,2671.0,107.890625,204.0,107.90625,0.015625,0.0,13.093137190719917,Hold,E
2025-01-26 08:18:42.1069,107.9063,2,2663.0,107.890625,146.0,107.90625,0.015625,0.0,18.23972590246763,Hold,E
2025-01-26 08:18:42.1070,107.9063,1,2663.0,107.890625,121.0,107.90625,0.015625,0.0,22.008264280923438,Hold,E
2025-01-26 08:18:42.1075,107.9063,2,2797.0,107.890625,114.0,107.90625,0.015625,0.0,24.53508750407818,Hold,E
2025-01-26 08:18:42.1076,107.9063,2,2797.0,107.890625,112.0,107.90625,0.015625,0.0,24.97321406273916,Hold,E
2025-01-26 08:18:42.1076,107.9063,2,2797.0,107.890625,110.0,107.90625,0.015625,0.0,25.427272496115705,Hold,E
2025-01-26 08:18:42.1077,107.9063,4,2797.0,107.890625,108.0,107.90625,0.015625,0.0,25.898147908350484,Hold,E
2025-01-26 08:18:42.1079,107.9063,3,2798.0,107.890625,104.0,107.90625,0.015625,0.0,26.903845895155328,Hold,E
2025-01-26 08:18:42.1080,107.9063,3,2798.0,107.890625,101.0,107.90625,0.015625,0.0,27.70297002274287,Hold,E
2025-01-26 08:18:42.1080,107.9063,4,2798.0,107.890625,98.0,107.90625,0.015625,0.0,28.551020116826326,Hold,E
2025-01-26 08:18:42.1080,107.9063,44,2798.0,107.890625,94.0,107.90625,0.015625,0.0,29.765957130149392,Hold,E
2025-01-26 08:18:42.1080,107.9063,45,2798.0,107.890625,50.0,107.90625,0.015625,0.0,55.95999888080002,Hold,E
2025-01-26 08:18:42.1081,107.9063,1,2798.0,107.890625,4.0,107.90625,0.015625,0.0,699.4998251250437,Hold,E
2025-01-26 08:18:42.1081,107.9063,4,2798.0,107.890625,4.0,107.90625,0.015625,0.0,699.4998251250437,Hold,E
2025-01-26 08:18:42.1085,107.9063,5,126.0,107.90625,3159.0,107.921875,0.015625,0.0,0.03988603987341373,Hold,E
2025-01-26 08:18:42.1086,107.9063,4,128.0,107.90625,3148.0,107.921875,0.015625,0.0,0.04066073696294132,Hold,E
2025-01-26 08:18:42.1086,107.9063,16,124.0,107.90625,3148.0,107.921875,0.015625,0.0,0.0393900889328494,Hold,E
2025-01-26 08:18:42.1089,107.9063,1,152.0,107.90625,3148.0,107.921875,0.015625,0.0,0.04828462514349281,Hold,E
2025-01-26 08:18:42.1089,107.9063,1,151.0,107.90625,3148.0,107.921875,0.015625,0.0,0.047966963135969834,Hold,E
2025-01-26 08:18:42.1091,107.9063,52,150.0,107.90625,3148.0,107.921875,0.015625,0.0,0.047649301128446855,Hold,E
2025-01-26 08:18:42.1091,107.9063,42,98.0,107.90625,3148.0,107.921875,0.015625,0.0,0.031130876737251945,Hold,E
2025-01-26 08:18:42.1091,107.9063,38,56.0,107.90625,3148.0,107.921875,0.015625,0.0,0.017789072421286828,Hold,E
2025-01-26 08:18:42.1093,107.9063,2,18.0,107.90625,3148.0,107.921875,0.015625,0.0,0.005717916135413623,Hold,E
2025-01-26 08:18:42.1095,107.9063,1,13.0,107.90625,3148.0,107.921875,0.015625,0.0,0.0041296060977987275,Hold,E
2025-01-26 08:18:42.1095,107.9063,1,12.0,107.90625,3148.0,107.921875,0.015625,0.0,0.0038119440902757485,Hold,E
2025-01-26 08:18:42.1097,107.9063,5,11.0,107.90625,3148.0,107.921875,0.015625,0.0,0.0034942820827527695,Hold,E
2025-01-26 08:18:42.1099,107.9063,1,6.0,107.90625,3148.0,107.921875,0.015625,0.0,0.0019059720451378743,Hold,E
2025-01-26 08:18:42.1100,107.9063,1,6.0,107.90625,3148.0,107.921875,0.015625,0.0,0.0019059720451378743,Hold,E
2025-01-26 08:18:42.1104,107.9063,1,138.0,107.90625,3128.0,107.921875,0.015625,0.0,0.044117647044719425,Hold,E
2025-01-26 08:18:42.1116,107.9063,1,542.0,107.90625,3097.0,107.921875,0.015625,0.0,0.17500807227155052,Hold,E
2025-01-26 08:18:42.1119,107.9063,1,489.0,107.90625,3089.0,107.921875,0.015625,0.0,0.15830365809054592,Hold,E
2025-01-26 08:18:42.1121,107.9063,44,442.0,107.90625,3089.0,107.921875,0.015625,0.0,0.1430883780695732,Hold,E
2025-01-26 08:18:42.1122,107.9063,1,398.0,107.90625,3089.0,107.921875,0.015625,0.0,0.12884428613504556,Hold,E
2025-01-26 08:18:42.1122,107.9063,4,397.0,107.90625,3090.0,107.921875,0.015625,0.0,0.12847896435971556,Hold,E
2025-01-26 08:18:42.1124,107.9063,2,345.0,107.90625,3090.0,107.921875,0.015625,0.0,0.11165048540076036,Hold,E
2025-01-26 08:18:42.1125,107.9063,18,338.0,107.90625,3090.0,107.921875,0.015625,0.0,0.10938511323320871,Hold,E
2025-01-26 08:18:42.1126,107.9063,10,298.0,107.90625,3090.0,107.921875,0.015625,0.0,0.0964401294186278,Hold,E
2025-01-26 08:18:42.1136,107.9063,1,185.0,107.90625,3092.0,107.921875,0.015625,0.0,0.05983182404274521,Hold,E
2025-01-26 08:18:42.1136,107.9063,1,184.0,107.90625,3093.0,107.921875,0.015625,0.0,0.05948916907226345,Hold,E
2025-01-26 08:18:42.1138,107.9063,1,164.0,107.90625,3133.0,107.921875,0.015625,0.0,0.052345994238,Hold,E
2025-01-26 08:18:42.1139,107.9063,1,163.0,107.90625,3227.0,107.921875,0.015625,0.0,0.05051131079934574,Hold,E
2025-01-26 08:18:42.1227,107.9063,19,257.0,107.90625,3181.0,107.921875,0.015625,0.0,0.08079220368412694,Hold,E
2025-01-26 08:18:42.1229,107.9063,1,196.0,107.90625,3181.0,107.921875,0.015625,0.0,0.06161584405482055,Hold,E
2025-01-26 08:18:42.1389,107.9063,4,188.0,107.90625,3188.0,107.921875,0.015625,0.0,0.05897114176318346,Hold,E
2025-01-26 08:18:42.1479,107.9063,2,183.0,107.90625,3180.0,107.921875,0.015625,0.0,0.05754716979322416,Hold,E
2025-01-26 08:18:42.1636,107.9063,44,182.0,107.90625,3205.0,107.921875,0.015625,0.0,0.05678627143314001,Hold,E
2025-01-26 08:18:42.1640,107.9063,1,135.0,107.90625,3205.0,107.921875,0.015625,0.0,0.0421216848542522,Hold,E
2025-01-26 08:18:42.1641,107.9063,1,133.0,107.90625,3205.0,107.921875,0.015625,0.0,0.04149765989344847,Hold,E
2025-01-26 08:18:42.1641,107.9063,1,132.0,107.90625,3205.0,107.921875,0.015625,0.0,0.0411856474130466,Hold,E
2025-01-26 08:18:42.1642,107.9063,1,130.0,107.90625,3206.0,107.921875,0.015625,0.0,0.04054897066732721,Hold,E
2025-01-26 08:18:42.1644,107.9063,44,114.0,107.90625,3206.0,107.921875,0.015625,0.0,0.03555832812365617,Hold,E
2025-01-26 08:18:42.1646,107.9063,1,70.0,107.90625,3206.0,107.921875,0.015625,0.0,0.021834061128560806,Hold,E
2025-01-26 08:18:42.1647,107.9063,1,68.0,107.90625,3206.0,107.921875,0.015625,0.0,0.021210230810601926,Hold,E
2025-01-26 08:18:42.1648,107.9063,39,68.0,107.90625,3206.0,107.921875,0.015625,0.0,0.021210230810601926,Hold,E
2025-01-26 08:18:42.1648,107.9063,1,29.0,107.90625,3206.0,107.921875,0.015625,0.0,0.009045539610403762,Hold,E
2025-01-26 08:18:42.1649,107.9063,28,2764.0,107.890625,61.0,107.90625,0.015625,0.0,45.31147466702501,Hold,E
2025-01-26 08:18:42.1659,107.9063,2,2641.0,107.890625,314.0,107.90625,0.015625,0.0,8.41082799869163,Hold,E
2025-01-26 08:18:42.9229,107.9063,44,2674.0,107.890625,314.0,107.90625,0.015625,0.0,8.515923539758205,Hold,E
2025-01-26 08:18:42.9238,107.9063,52,2688.0,107.890625,212.0,107.90625,0.015625,0.0,12.679245223211108,Hold,E
2025-01-26 08:18:42.9239,107.9063,1,2688.0,107.890625,118.0,107.90625,0.015625,0.0,22.779660823901178,Hold,E
2025-01-26 08:18:42.9240,107.9063,6,2688.0,107.890625,112.0,107.90625,0.015625,0.0,23.999999785714287,Hold,E
2025-01-26 08:18:42.9240,107.9063,21,2688.0,107.890625,91.0,107.90625,0.015625,0.0,29.538461213863066,Hold,E
2025-01-26 08:18:42.9240,107.9063,1,2688.0,107.890625,90.0,107.90625,0.015625,0.0,29.86666633481482,Hold,E
2025-01-26 08:18:42.9241,107.9063,1,2688.0,107.890625,90.0,107.90625,0.015625,0.0,29.86666633481482,Hold,E
2025-01-26 08:18:42.9241,107.9063,1,2703.0,107.890625,88.0,107.90625,0.015625,0.0,30.715908741864673,Hold,E
2025-01-26 08:18:42.9242,107.9063,4,2703.0,107.890625,84.0,107.90625,0.015625,0.0,32.1785710454932,Hold,E
2025-01-26 08:18:42.9242,107.9063,38,2703.0,107.890625,46.0,107.90625,0.015625,0.0,58.76086828780721,Hold,E
2025-01-26 08:18:42.9243,107.9063,1,2703.0,107.890625,45.0,107.90625,0.015625,0.0,60.06666533185189,Hold,E
2025-01-26 08:18:42.9244,107.9063,45,2704.0,107.890625,45.0,107.90625,0.015625,0.0,60.08888755358028,Hold,E
2025-01-26 08:18:42.9250,107.9063,1,127.0,107.90625,3072.0,107.921875,0.015625,0.0,0.041341145819875934,Hold,E
2025-01-26 08:18:42.9316,107.9063,1,90.0,107.90625,3127.0,107.921875,0.015625,0.0,0.028781579779730868,Hold,E
2025-01-26 08:18:43.2518,107.9063,1,69.0,107.90625,3223.0,107.921875,0.015625,0.0,0.021408625497546192,Hold,E
2025-01-26 08:18:43.2519,107.9063,2,66.0,107.90625,3223.0,107.921875,0.015625,0.0,0.020477815693305052,Hold,E
2025-01-26 08:18:43.2520,107.9063,1,65.0,107.90625,3223.0,107.921875,0.015625,0.0,0.020167545758558007,Hold,E
2025-01-26 08:18:43.2524,107.9063,65,65.0,107.90625,3223.0,107.921875,0.015625,0.0,0.020167545758558007,Hold,E
2025-01-26 08:18:43.2713,107.9063,3,2676.0,107.890625,82.0,107.90625,0.015625,0.0,32.634145943486025,Hold,E
2025-01-26 08:18:43.2716,107.9063,1,2676.0,107.890625,79.0,107.90625,0.015625,0.0,33.87341729274156,Hold,E
2025-01-26 08:18:43.2716,107.9063,1,2676.0,107.890625,62.0,107.90625,0.015625,0.0,43.161289626430815,Hold,E
2025-01-26 08:18:43.2718,107.9063,20,2676.0,107.890625,62.0,107.90625,0.015625,0.0,43.161289626430815,Hold,E
2025-01-26 08:18:43.2719,107.9063,1,2676.0,107.890625,41.0,107.90625,0.015625,0.0,65.26829109101729,Hold,E
2025-01-26 08:18:43.2719,107.9063,1,2676.0,107.890625,40.0,107.90625,0.015625,0.0,66.89999832750004,Hold,E
2025-01-26 08:18:43.2720,107.9063,1,2676.0,107.890625,39.0,107.90625,0.015625,0.0,68.61538285601583,Hold,E
2025-01-26 08:18:43.2720,107.9063,1,2676.0,107.890625,38.0,107.90625,0.015625,0.0,70.42105077839341,Hold,E
2025-01-26 08:18:43.2720,107.9063,1,2676.0,107.890625,37.0,107.90625,0.015625,0.0,72.32432236961291,Hold,E
2025-01-26 08:18:43.2720,107.9063,1,2676.0,107.890625,36.0,107.90625,0.015625,0.0,74.33333126851858,Hold,E
2025-01-26 08:18:43.2721,107.9063,1,2676.0,107.890625,35.0,107.90625,0.015625,0.0,76.45714067265313,Hold,E
2025-01-26 08:18:43.2721,107.9063,1,2676.0,107.890625,33.0,107.90625,0.015625,0.0,81.0909066336089,Hold,E
2025-01-26 08:18:43.2722,107.9063,1,2676.0,107.890625,33.0,107.90625,0.015625,0.0,81.0909066336089,Hold,E
2025-01-26 08:18:43.2722,107.9063,16,2676.0,107.890625,16.0,107.90625,0.015625,0.0,167.24998954687564,Hold,E
2025-01-26 08:18:43.2722,107.9063,1,2676.0,107.890625,15.0,107.90625,0.015625,0.0,178.39998810666748,Hold,E
2025-01-26 08:18:43.2723,107.9063,1,2676.0,107.890625,9.0,107.90625,0.015625,0.0,297.33330029629997,Hold,E
2025-01-26 08:18:43.2725,107.9063,9,2676.0,107.890625,53.0,107.90625,0.015625,0.0,50.49056508508368,Hold,E
2025-01-26 08:18:43.2726,107.9063,47,2766.0,107.890625,88.0,107.90625,0.015625,0.0,31.431817824638436,Hold,E
2025-01-26 08:18:43.2728,107.9063,48,2766.0,107.890625,69.0,107.90625,0.015625,0.0,40.08695594076875,Hold,E
2025-01-26 08:18:43.2728,107.9063,1,2766.0,107.890625,70.0,107.90625,0.015625,0.0,39.51428514979593,Hold,E
2025-01-26 08:18:43.2729,107.9063,1,2766.0,107.890625,73.0,107.90625,0.015625,0.0,37.89041043985739,Hold,E
2025-01-26 08:18:43.2800,107.9063,2,2769.0,107.890625,4.0,107.90625,0.015625,0.0,692.2498269375433,Hold,E
2025-01-26 08:18:43.2802,107.9063,2,2769.0,107.890625,2.0,107.90625,0.015625,0.0,1384.4993077503461,Hold,E
2025-01-26 08:18:43.2827,107.9063,1,26.0,107.90625,3188.0,107.921875,0.015625,0.0,0.008155583435333883,Hold,E
2025-01-26 08:18:43.2829,107.9063,5,26.0,107.90625,3188.0,107.921875,0.015625,0.0,0.008155583435333883,Hold,E
2025-01-26 08:18:43.2831,107.9063,15,21.0,107.90625,3188.0,107.921875,0.015625,0.0,0.006587202005461982,Hold,E
2025-01-26 08:18:43.2831,107.9063,1,6.0,107.90625,3188.0,107.921875,0.015625,0.0,0.0018820577158462806,Hold,E
2025-01-26 08:18:43.2832,107.9063,1,4.0,107.90625,3188.0,107.921875,0.015625,0.0,0.0012547051438975205,Hold,E
2025-01-26 08:18:43.2832,107.9063,1,3.0,107.90625,3188.0,107.921875,0.015625,0.0,0.0009410288579231403,Hold,E
2025-01-26 08:18:43.2833,107.9063,3,3.0,107.90625,3188.0,107.921875,0.015625,0.0,0.0009410288579231403,Hold,E
2025-01-26 08:18:43.2838,107.9063,3,2919.0,107.890625,25.0,107.90625,0.015625,0.0,116.75999532960019,Hold,E
2025-01-26 08:18:43.2839,107.9063,1,2919.0,107.890625,25.0,107.90625,0.015625,0.0,116.75999532960019,Hold,E
2025-01-26 08:18:43.2913,107.9063,1,2827.0,107.890625,13.0,107.90625,0.015625,0.0,217.4615217337291,Hold,E
2025-01-26 08:18:43.3100,107.9063,11,2763.0,107.890625,11.0,107.90625,0.015625,0.0,251.18179534710953,Hold,E
2025-01-26 08:18:43.3110,107.9063,8,41.0,107.90625,3034.0,107.921875,0.015625,0.0,0.013513513509059489,Hold,E
2025-01-26 08:18:43.3115,107.9063,1,13.0,107.90625,3143.0,107.921875,0.015625,0.0,0.004136175627064532,Hold,E
2025-01-26 08:18:43.3115,107.9063,3,12.0,107.90625,3143.0,107.921875,0.015625,0.0,0.003818008271136491,Hold,E
2025-01-26 08:18:43.3116,107.9063,1,9.0,107.90625,3167.0,107.921875,0.015625,0.0,0.002841806124773664,Hold,E
2025-01-26 08:18:43.3116,107.9063,2,8.0,107.90625,3167.0,107.921875,0.015625,0.0,0.0025260498886877014,Hold,E
2025-01-26 08:18:43.3117,107.9063,6,6.0,107.90625,3191.0,107.921875,0.015625,0.0,0.0018802883102850868,Hold,E
2025-01-26 08:18:43.3120,107.9063,1,2896.0,107.890625,21.0,107.90625,0.015625,0.0,137.90475533786878,Hold,E
2025-01-26 08:18:43.3345,107.9063,4,2822.0,107.890625,150.0,107.90625,0.015625,0.0,18.81333320791111,Hold,E
2025-01-26 08:18:43.3347,107.9063,1,2822.0,107.890625,146.0,107.90625,0.015625,0.0,19.328766990898856,Hold,E
2025-01-26 08:18:43.5636,107.9063,1,2796.0,107.890625,147.0,107.90625,0.015625,0.0,19.020408033874777,Hold,E
2025-01-26 08:18:43.5638,107.9063,1,2796.0,107.890625,106.0,107.90625,0.015625,0.0,26.377358241723037,Hold,E
2025-01-26 08:18:43.5639,107.9063,1,2781.0,107.890625,104.0,107.90625,0.015625,0.0,26.740384358265537,Hold,E
2025-01-26 08:18:44.3162,107.9063,44,2782.0,107.890625,154.0,107.90625,0.015625,0.0,18.06493494763029,Hold,E
2025-01-26 08:18:44.3165,107.9063,19,2796.0,107.890625,40.0,107.90625,0.015625,0.0,69.89999825250005,Hold,E
2025-01-26 08:18:44.3166,107.9063,21,2796.0,107.890625,21.0,107.90625,0.015625,0.0,133.1428508027214,Hold,E
2025-01-26 08:18:44.3177,107.9063,1,233.0,107.90625,3098.0,107.921875,0.015625,0.0,0.0752098127581634,Hold,E
2025-01-26 08:18:44.3191,107.9063,20,436.0,107.90625,3053.0,107.921875,0.015625,0.0,0.14281035042816562,Hold,E
2025-01-26 08:18:44.3193,107.9063,8,401.0,107.90625,3068.0,107.921875,0.015625,0.0,0.1307040416783885,Hold,E
2025-01-26 08:18:44.3198,107.9063,1,275.0,107.90625,3219.0,107.921875,0.015625,0.0,0.08543025781751157,Hold,E
2025-01-26 08:18:44.3201,107.9063,1,270.0,107.90625,3219.0,107.921875,0.015625,0.0,0.08387698040264772,Hold,E
2025-01-26 08:18:44.3424,107.9063,2,27.0,107.90625,3243.0,107.921875,0.015625,0.0,0.008325624419264377,Hold,E
2025-01-26 08:18:44.3424,107.9063,1,24.0,107.90625,3243.0,107.921875,0.015625,0.0,0.007400555039346114,Hold,E
2025-01-26 08:18:44.3427,107.9063,23,24.0,107.90625,3243.0,107.921875,0.015625,0.0,0.007400555039346114,Hold,E
2025-01-26 08:18:44.3433,107.9063,1,2818.0,107.890625,94.0,107.90625,0.015625,0.0,29.978723085332735,Hold,E
2025-01-26 08:18:44.3625,107.9063,6,2759.0,107.890625,230.0,107.90625,0.015625,0.0,11.995652121758035,Hold,E
2025-01-26 08:18:44.3627,107.9063,1,2759.0,107.890625,224.0,107.90625,0.015625,0.0,12.316964230727839,Hold,E
2025-01-26 08:18:44.3654,107.9063,20,2759.0,107.890625,169.0,107.90625,0.015625,0.0,16.32544369038199,Hold,E
2025-01-26 08:18:44.3656,107.9063,1,2759.0,107.890625,111.0,107.90625,0.015625,0.0,24.85585563192923,Hold,E
2025-01-26 08:18:48.9427,107.9063,1,2817.0,107.890625,230.0,107.90625,0.015625,0.0,12.247826033705104,Hold,E
2025-01-26 08:18:48.9429,107.9063,1,2802.0,107.890625,191.0,107.90625,0.015625,0.0,14.670156991255723,Hold,E
2025-01-26 08:18:52.6331,107.9063,1,2802.0,107.890625,108.0,107.90625,0.015625,0.0,25.94444420421811,Hold,E
2025-01-26 08:18:52.6334,107.9063,44,2802.0,107.890625,107.0,107.90625,0.015625,0.0,26.18691564311294,Hold,E
2025-01-26 08:18:52.6335,107.9063,2,2802.0,107.890625,61.0,107.90625,0.015625,0.0,45.93442547648483,Hold,E
2025-01-26 08:18:52.6337,107.9063,44,2802.0,107.890625,59.0,107.90625,0.015625,0.0,47.49152461878772,Hold,E
2025-01-26 08:18:52.6339,107.9063,8,2802.0,107.890625,8.0,107.90625,0.015625,0.0,350.24995621875553,Hold,E
2025-01-26 08:18:52.6349,107.9063,1,236.0,107.90625,3119.0,107.921875,0.015625,0.0,0.0756652773082189,Hold,E
2025-01-26 08:18:54.8102,107.9063,55,531.0,107.90625,3151.0,107.921875,0.015625,0.0,0.1685179307621333,Hold,E
2025-01-26 08:18:54.9430,107.9063,1,106.0,107.90625,3149.0,107.921875,0.015625,0.0,0.033661479824178636,Hold,E
2025-01-26 08:18:54.9431,107.9063,2,105.0,107.90625,3149.0,107.921875,0.015625,0.0,0.033343918693761854,Hold,E
2025-01-26 08:18:54.9434,107.9063,4,103.0,107.90625,3149.0,107.921875,0.015625,0.0,0.032708796432928296,Hold,E
2025-01-26 08:18:54.9434,107.9063,1,90.0,107.90625,3149.0,107.921875,0.015625,0.0,0.028580501737510162,Hold,E
2025-01-26 08:18:54.9435,107.9063,1,89.0,107.90625,3164.0,107.921875,0.015625,0.0,0.028128950686432064,Hold,E
2025-01-26 08:18:54.9436,107.9063,2,87.0,107.90625,3164.0,107.921875,0.015625,0.0,0.02749683943505157,Hold,E
2025-01-26 08:18:54.9436,107.9063,1,86.0,107.90625,3164.0,107.921875,0.015625,0.0,0.02718078380936132,Hold,E
2025-01-26 08:18:54.9438,107.9063,1,86.0,107.90625,3164.0,107.921875,0.015625,0.0,0.02718078380936132,Hold,E
2025-01-26 08:18:54.9442,107.9063,85,85.0,107.90625,3164.0,107.921875,0.015625,0.0,0.026864728183671072,Hold,E
2025-01-26 08:18:54.9450,107.9063,20,2914.0,107.890625,23.0,107.90625,0.015625,0.0,126.69564666540666,Hold,E
2025-01-26 08:18:54.9466,107.9063,1,2678.0,107.890625,143.0,107.90625,0.015625,0.0,18.72727259631278,Hold,E
2025-01-26 08:18:54.9466,107.9063,1,2678.0,107.890625,141.0,107.90625,0.015625,0.0,18.992907666716967,Hold,E
2025-01-26 08:18:54.9467,107.9063,1,2678.0,107.890625,141.0,107.90625,0.015625,0.0,18.992907666716967,Hold,E
2025-01-26 08:18:54.9467,107.9063,1,2678.0,107.890625,140.0,107.90625,0.015625,0.0,19.128571291938776,Hold,E
2025-01-26 08:18:54.9467,107.9063,52,2678.0,107.890625,139.0,107.90625,0.015625,0.0,19.26618691175405,Hold,E
2025-01-26 08:18:54.9467,107.9063,2,2678.0,107.890625,80.0,107.90625,0.015625,0.0,33.47499958156251,Hold,E
2025-01-26 08:18:54.9468,107.9063,1,2678.0,107.890625,80.0,107.90625,0.015625,0.0,33.47499958156251,Hold,E
2025-01-26 08:18:54.9473,107.9063,1,2669.0,107.890625,9.0,107.90625,0.015625,0.0,296.555522604942,Hold,E
2025-01-26 08:18:54.9474,107.9063,1,2669.0,107.890625,9.0,107.90625,0.015625,0.0,296.555522604942,Hold,E
2025-01-26 08:18:54.9475,107.9063,1,2669.0,107.890625,54.0,107.90625,0.015625,0.0,49.42592501063102,Hold,E
2025-01-26 08:18:54.9477,107.9063,1,2670.0,107.890625,16.0,107.90625,0.015625,0.0,166.87498957031315,Hold,E
2025-01-26 08:18:54.9482,107.9063,1,2670.0,107.890625,17.0,107.90625,0.015625,0.0,157.05881429065798,Hold,E
2025-01-26 08:18:54.9555,107.9063,1,2675.0,107.890625,53.0,107.90625,0.015625,0.0,50.471697160911376,Hold,E
2025-01-26 08:18:54.9581,107.9063,4,2684.0,107.890625,6.0,107.90625,0.015625,0.0,447.3332587777902,Hold,E
2025-01-26 08:18:54.9582,107.9063,2,2684.0,107.890625,2.0,107.90625,0.015625,0.0,1341.9993290003354,Hold,E
2025-01-26 08:18:54.9600,107.9063,2,40.0,107.90625,3166.0,107.921875,0.015625,0.0,0.012634238783122477,Hold,E
2025-01-26 08:18:54.9601,107.9063,1,38.0,107.90625,3166.0,107.921875,0.015625,0.0,0.012002526843966353,Hold,E
2025-01-26 08:18:54.9602,107.9063,1,24.0,107.90625,3166.0,107.921875,0.015625,0.0,0.007580543269873486,Hold,E
2025-01-26 08:18:56.9690,107.9063,1,28.0,107.90625,3168.0,107.921875,0.015625,0.0,0.008838383835593945,Hold,E
2025-01-26 08:18:56.9691,107.9063,2,27.0,107.90625,3168.0,107.921875,0.015625,0.0,0.008522727270037018,Hold,E
2025-01-26 08:18:56.9692,107.9063,11,25.0,107.90625,3168.0,107.921875,0.015625,0.0,0.007891414138923166,Hold,E
2025-01-26 08:18:56.9693,107.9063,1,14.0,107.90625,3168.0,107.921875,0.015625,0.0,0.004419191917796972,Hold,E
2025-01-26 08:18:56.9694,107.9063,1,13.0,107.90625,3168.0,107.921875,0.015625,0.0,0.0041035353522400455,Hold,E
2025-01-26 08:18:56.9694,107.9063,1,10.0,107.90625,3168.0,107.921875,0.015625,0.0,0.003156565655569266,Hold,E
2025-01-26 08:18:56.9695,107.9063,4,10.0,107.90625,3168.0,107.921875,0.015625,0.0,0.003156565655569266,Hold,E
2025-01-26 08:18:56.9696,107.9063,1,6.0,107.90625,3168.0,107.921875,0.015625,0.0,0.0018939393933415597,Hold,E
